Date,Order ID,Customer Name,Region,Product Category,Product Name,Units Sold,Unit Price,Sales,Cost,Profit,Discount,Payment Method,Sales Channel
10/8/2024,ORD0001,Customer 208,Central,Appliances,Vacuum Cleaner,5,467.92,2339.6,1992.58,347.02,0.05,Credit Card,Offline
11/1/2024,ORD0002,Customer 10,East,Clothing,Summer T-Shirt,7,1218.28,8527.96,7560.47,967.49,0.15,Cash,Offline
1/21/2024,ORD0003,Customer 76,West,Furniture,Office Chair,4,450.78,1803.12,1448.62,354.5,0.05,Credit Card,Online
3/22/2024,ORD0004,Customer 288,East,Stationery,Highlighter Set,5,841.35,4206.75,2733.68,1473.07,0.1,Bank Transfer,Online
2/24/2024,ORD0005,Customer 121,Central,Clothing,Jeans,10,126.86,1268.6,1049.58,219.02,0.05,Bank Transfer,Online
10/2/2024,ORD0006,Customer 183,South,Electronics,Wireless Earbuds,4,485.98,1943.92,1536.06,407.86,0.05,Cash,Offline
12/4/2024,ORD0007,Customer 103,South,Stationery,Notebook,10,126.81,1268.1,1003.03,265.07,0.15,UPI,Online
7/23/2024,ORD0008,Customer 182,North,Stationery,Highlighter Set,7,1257.82,8804.74,7379.12,1425.62,0.1,Credit Card,Online
1/30/2024,ORD0009,Customer 128,Central,Clothing,Winter Jacket,4,1215.72,4862.88,3871.16,991.72,0.05,Cash,Offline
10/4/2024,ORD0010,Customer 11,North,Appliances,Air Conditioner,9,316.55,2848.95,2097.79,751.16,0.1,Credit Card,Online
7/15/2024,ORD0011,Customer 242,East,Clothing,Summer T-Shirt,6,946.76,5680.56,4424.93,1255.63,0.05,Credit Card,Offline
3/27/2024,ORD0012,Customer 252,South,Stationery,Ball Pen,6,878.26,5269.56,4500.05,769.51,0,Cash,Online
11/7/2024,ORD0013,Customer 260,East,Clothing,Winter Jacket,6,1396.43,8378.58,7000.06,1378.52,0.15,Cash,Online
9/3/2024,ORD0014,Customer 242,Central,Appliances,Blender Pro,2,979.9,1959.8,1657.63,302.17,0.15,Cash,Online
8/21/2024,ORD0015,Customer 275,North,Appliances,Microwave Oven,4,529.57,2118.28,1623.96,494.32,0.15,Credit Card,Offline
9/14/2024,ORD0016,Customer 130,East,Furniture,Dining Table,7,676.19,4733.33,4151.79,581.54,0.05,Cash,Offline
10/16/2024,ORD0017,Customer 143,South,Appliances,Blender Pro,5,1146.69,5733.45,4397.84,1335.61,0,Credit Card,Online
5/29/2024,ORD0018,Customer 220,South,Furniture,Standing Desk,7,901.37,6309.59,4479.35,1830.24,0.1,Cash,Offline
10/9/2024,ORD0019,Customer 229,West,Clothing,Formal Shoes,3,1124.14,3372.42,2310.94,1061.48,0,Bank Transfer,Offline
6/5/2024,ORD0020,Customer 22,West,Electronics,Laptop Pro,4,709.11,2836.44,2279.01,557.43,0.05,UPI,Offline
11/2/2024,ORD0021,Customer 160,West,Electronics,Wireless Earbuds,7,904.32,6330.24,5114.75,1215.49,0.1,Cash,Online
12/1/2024,ORD0022,Customer 287,East,Furniture,Office Chair,8,727.49,5819.92,4088.89,1731.03,0,Credit Card,Offline
1/14/2024,ORD0023,Customer 208,East,Stationery,Highlighter Set,2,87.88,175.76,145,30.76,0.05,Credit Card,Offline
7/28/2024,ORD0024,Customer 231,East,Stationery,Ball Pen,8,1474.95,11799.6,9380.46,2419.14,0,Credit Card,Offline
10/24/2024,ORD0025,Customer 296,East,Appliances,Air Conditioner,3,718.52,2155.56,1755.5,400.06,0.05,UPI,Offline
5/6/2024,ORD0026,Customer 11,South,Stationery,Highlighter Set,10,780.85,7808.5,5945.77,1862.73,0.05,Cash,Online
2/17/2024,ORD0027,Customer 45,Central,Stationery,Highlighter Set,9,933.17,8398.53,5433.2,2965.33,0.15,UPI,Offline
1/12/2024,ORD0028,Customer 266,East,Stationery,Notebook,10,610.68,6106.8,4046.66,2060.14,0.05,Cash,Online
11/26/2024,ORD0029,Customer 254,North,Appliances,Microwave Oven,9,697.1,6273.9,4211.43,2062.47,0.15,UPI,Offline
4/15/2024,ORD0030,Customer 229,West,Stationery,Notebook,4,351.14,1404.56,962.4,442.16,0.05,Credit Card,Online
9/26/2024,ORD0031,Customer 272,South,Appliances,Air Conditioner,7,847.72,5934.04,4741.29,1192.75,0,UPI,Online
4/29/2024,ORD0032,Customer 215,Central,Clothing,Formal Shoes,9,702.43,6321.87,4527.1,1794.77,0.15,Credit Card,Online
9/21/2024,ORD0033,Customer 215,Central,Stationery,Notebook,1,24.91,24.91,15.6,9.31,0.05,Cash,Online
3/15/2024,ORD0034,Customer 49,North,Electronics,Tablet Mini,4,939.1,3756.4,2378.13,1378.27,0,Credit Card,Online
2/18/2024,ORD0035,Customer 62,West,Clothing,Summer T-Shirt,10,308.67,3086.7,2359.53,727.17,0.05,Credit Card,Offline
6/7/2024,ORD0036,Customer 11,North,Appliances,Microwave Oven,8,1142.97,9143.76,6502.62,2641.14,0.05,UPI,Online
5/27/2024,ORD0037,Customer 296,East,Stationery,Highlighter Set,8,625.95,5007.6,3291.32,1716.28,0.1,UPI,Offline
10/7/2024,ORD0038,Customer 67,West,Clothing,Jeans,3,862.33,2586.99,1564.37,1022.62,0.1,Bank Transfer,Online
5/21/2024,ORD0039,Customer 233,South,Clothing,Summer T-Shirt,7,935.14,6545.98,5092.55,1453.43,0.15,UPI,Online
1/27/2024,ORD0040,Customer 98,East,Clothing,Summer T-Shirt,6,516.83,3100.98,2783.63,317.35,0.1,Credit Card,Online
7/10/2024,ORD0041,Customer 252,Central,Stationery,Highlighter Set,7,443.72,3106.04,2296.7,809.34,0.05,UPI,Online
3/20/2024,ORD0042,Customer 9,North,Clothing,Jeans,4,1208.2,4832.8,3985.27,847.53,0.1,Bank Transfer,Offline
3/3/2024,ORD0043,Customer 68,South,Clothing,Jeans,6,1141.58,6849.48,5290.35,1559.13,0,UPI,Offline
5/1/2024,ORD0044,Customer 254,Central,Furniture,Office Chair,4,1326.56,5306.24,4275.03,1031.21,0.15,Cash,Online
4/17/2024,ORD0045,Customer 171,East,Appliances,Blender Pro,10,380.98,3809.8,2825.04,984.76,0.15,Cash,Offline
9/6/2024,ORD0046,Customer 163,East,Stationery,Notebook,4,1159.61,4638.44,2952.02,1686.42,0.05,Cash,Online
2/17/2024,ORD0047,Customer 206,North,Furniture,Dining Table,8,1488.93,11911.44,8274.85,3636.59,0.05,Credit Card,Offline
4/14/2024,ORD0048,Customer 159,East,Furniture,Dining Table,3,239.6,718.8,552.24,166.56,0,Credit Card,Offline
11/26/2024,ORD0049,Customer 255,South,Furniture,Office Chair,5,253.08,1265.4,887.85,377.55,0,Credit Card,Online
6/10/2024,ORD0050,Customer 29,North,Appliances,Microwave Oven,9,1356.48,12208.32,8397.73,3810.59,0,UPI,Online
5/26/2024,ORD0051,Customer 177,North,Furniture,Bookshelf,10,835.99,8359.9,6887.63,1472.27,0,UPI,Online
1/19/2024,ORD0052,Customer 77,North,Stationery,Notebook,9,836.56,7529.04,5389.97,2139.07,0,UPI,Online
7/26/2024,ORD0053,Customer 96,East,Stationery,Ball Pen,8,1239.75,9918,7472.74,2445.26,0.05,UPI,Offline
7/6/2024,ORD0054,Customer 200,North,Furniture,Office Chair,2,1176.41,2352.82,1865.61,487.21,0.05,Bank Transfer,Online
7/17/2024,ORD0055,Customer 144,South,Electronics,Laptop Pro,5,805.07,4025.35,2874.32,1151.03,0.1,Credit Card,Offline
9/20/2024,ORD0056,Customer 92,West,Electronics,Smartphone X,9,1197.6,10778.4,7428.77,3349.63,0.15,Bank Transfer,Online
7/26/2024,ORD0057,Customer 29,Central,Clothing,Winter Jacket,6,660.07,3960.42,3102.1,858.32,0,UPI,Online
11/24/2024,ORD0058,Customer 16,South,Clothing,Jeans,1,198.4,198.4,123.19,75.21,0.15,UPI,Offline
6/8/2024,ORD0059,Customer 109,West,Stationery,Highlighter Set,4,1008.59,4034.36,3015.82,1018.54,0,Cash,Online
9/5/2024,ORD0060,Customer 102,South,Stationery,Notebook,7,863.67,6045.69,3668.77,2376.92,0.15,Cash,Offline
7/26/2024,ORD0061,Customer 112,North,Electronics,Smartphone X,8,415.79,3326.32,2323.93,1002.39,0.1,Credit Card,Online
6/10/2024,ORD0062,Customer 220,West,Furniture,Bookshelf,8,1401.77,11214.16,8427.52,2786.64,0.05,Cash,Online
10/15/2024,ORD0063,Customer 262,North,Clothing,Formal Shoes,7,1105.19,7736.33,6258.48,1477.85,0,Credit Card,Offline
1/10/2024,ORD0064,Customer 122,Central,Appliances,Blender Pro,3,384.47,1153.41,822.32,331.09,0.15,UPI,Online
5/10/2024,ORD0065,Customer 125,Central,Clothing,Jeans,9,1495.26,13457.34,10026.22,3431.12,0,Cash,Offline
5/9/2024,ORD0066,Customer 229,East,Stationery,Stapler,1,719.94,719.94,503.99,215.95,0.1,UPI,Offline
2/18/2024,ORD0067,Customer 118,West,Clothing,Summer T-Shirt,5,1013.77,5068.85,4537.62,531.23,0,Credit Card,Offline
1/12/2024,ORD0068,Customer 168,West,Electronics,Wireless Earbuds,4,1435.8,5743.2,4142.61,1600.59,0.05,Bank Transfer,Online
6/21/2024,ORD0069,Customer 236,East,Stationery,Notebook,10,733.73,7337.3,5603.8,1733.5,0.05,UPI,Offline
2/21/2024,ORD0070,Customer 65,North,Appliances,Air Conditioner,3,229.31,687.93,424.83,263.1,0.15,Bank Transfer,Offline
4/26/2024,ORD0071,Customer 89,West,Appliances,Vacuum Cleaner,9,746.11,6714.99,5057.98,1657.01,0.15,Credit Card,Online
3/29/2024,ORD0072,Customer 186,East,Furniture,Dining Table,9,247,2223,1678.33,544.67,0.1,UPI,Offline
10/10/2024,ORD0073,Customer 62,West,Stationery,Notebook,7,846.77,5927.39,5190.63,736.76,0,Credit Card,Offline
3/17/2024,ORD0074,Customer 223,South,Electronics,Wireless Earbuds,3,1138.81,3416.43,2782.74,633.69,0.05,Cash,Online
7/31/2024,ORD0075,Customer 140,Central,Appliances,Air Conditioner,5,189.91,949.55,610.91,338.64,0,Credit Card,Offline
6/8/2024,ORD0076,Customer 252,West,Clothing,Jeans,7,842.4,5896.8,4913.2,983.6,0,Cash,Online
6/29/2024,ORD0077,Customer 113,Central,Electronics,Smartphone X,10,628.78,6287.8,4838.24,1449.56,0.1,Credit Card,Offline
11/7/2024,ORD0078,Customer 285,East,Electronics,Laptop Pro,2,799.35,1598.7,1054.51,544.19,0.15,Credit Card,Online
10/12/2024,ORD0079,Customer 44,North,Appliances,Blender Pro,2,56.28,112.56,89.47,23.09,0.1,Cash,Online
12/1/2024,ORD0080,Customer 272,South,Electronics,Smartphone X,8,68.63,549.04,475.93,73.11,0.1,Bank Transfer,Online
7/10/2024,ORD0081,Customer 280,South,Electronics,Tablet Mini,10,1232.79,12327.9,9713.45,2614.45,0.05,UPI,Online
8/8/2024,ORD0082,Customer 183,Central,Appliances,Blender Pro,1,580.64,580.64,478.62,102.02,0.1,Credit Card,Offline
3/23/2024,ORD0083,Customer 182,West,Appliances,Air Conditioner,8,522.95,4183.6,3128.5,1055.1,0.15,Cash,Offline
7/7/2024,ORD0084,Customer 241,Central,Furniture,Standing Desk,2,600.68,1201.36,914.23,287.13,0.05,Credit Card,Offline
3/21/2024,ORD0085,Customer 59,East,Stationery,Stapler,3,756.27,2268.81,1519.02,749.79,0,UPI,Offline
1/5/2024,ORD0086,Customer 153,West,Clothing,Winter Jacket,5,910.17,4550.85,3257.1,1293.75,0.1,Cash,Online
12/15/2024,ORD0087,Customer 62,North,Stationery,Stapler,4,603.08,2412.32,1609.95,802.37,0.1,UPI,Offline
8/31/2024,ORD0088,Customer 187,North,Clothing,Winter Jacket,7,1103.35,7723.45,5622.67,2100.78,0,Bank Transfer,Offline
5/12/2024,ORD0089,Customer 144,East,Stationery,Notebook,8,120.96,967.68,688.6,279.08,0,Cash,Online
2/16/2024,ORD0090,Customer 176,Central,Clothing,Formal Shoes,1,751.26,751.26,469.19,282.07,0.15,UPI,Offline
11/27/2024,ORD0091,Customer 24,Central,Appliances,Microwave Oven,6,976.25,5857.5,4552.85,1304.65,0.05,UPI,Online
9/28/2024,ORD0092,Customer 67,East,Appliances,Blender Pro,9,821.61,7394.49,5870.83,1523.66,0,UPI,Offline
4/21/2024,ORD0093,Customer 160,South,Stationery,Highlighter Set,7,741.83,5192.81,3561.32,1631.49,0,UPI,Online
4/14/2024,ORD0094,Customer 247,Central,Clothing,Jeans,8,1139.6,9116.8,8190.31,926.49,0.1,Bank Transfer,Online
7/22/2024,ORD0095,Customer 164,North,Clothing,Winter Jacket,1,1424.67,1424.67,1071.83,352.84,0.1,Credit Card,Online
11/2/2024,ORD0096,Customer 280,North,Electronics,Laptop Pro,8,99.78,798.24,686.87,111.37,0,Bank Transfer,Offline
10/2/2024,ORD0097,Customer 95,West,Furniture,Bookshelf,1,1452.33,1452.33,1163.9,288.43,0.15,Cash,Online
12/12/2024,ORD0098,Customer 200,Central,Appliances,Air Conditioner,8,99.72,797.76,684.1,113.66,0.15,UPI,Online
1/2/2024,ORD0099,Customer 25,East,Electronics,Wireless Earbuds,4,173.45,693.8,495.08,198.72,0.1,UPI,Offline
11/8/2024,ORD0100,Customer 195,North,Clothing,Formal Shoes,5,480.38,2401.9,2062.58,339.32,0.15,Credit Card,Online
11/26/2024,ORD0101,Customer 166,North,Clothing,Winter Jacket,10,391.45,3914.5,2957.1,957.4,0.1,Bank Transfer,Online
1/24/2024,ORD0102,Customer 225,South,Clothing,Winter Jacket,6,541.03,3246.18,2616.72,629.46,0.1,Cash,Offline
11/1/2024,ORD0103,Customer 228,Central,Clothing,Summer T-Shirt,10,1125.77,11257.7,9841.11,1416.59,0.15,Credit Card,Offline
11/5/2024,ORD0104,Customer 214,East,Clothing,Winter Jacket,1,530.26,530.26,328.64,201.62,0,UPI,Offline
3/21/2024,ORD0105,Customer 287,South,Appliances,Vacuum Cleaner,6,931.22,5587.32,4090.13,1497.19,0.1,Cash,Offline
12/15/2024,ORD0106,Customer 254,Central,Clothing,Summer T-Shirt,2,135.33,270.66,165.36,105.3,0.1,Credit Card,Online
6/7/2024,ORD0107,Customer 80,Central,Electronics,Tablet Mini,6,759.38,4556.28,3689.66,866.62,0.15,Cash,Online
6/24/2024,ORD0108,Customer 120,Central,Electronics,Wireless Earbuds,6,1119.75,6718.5,4699.17,2019.33,0.1,Bank Transfer,Online
3/19/2024,ORD0109,Customer 285,West,Appliances,Air Conditioner,1,686.06,686.06,579.4,106.66,0.05,Cash,Online
10/30/2024,ORD0110,Customer 64,West,Appliances,Blender Pro,6,833.23,4999.38,4491.72,507.66,0.15,Bank Transfer,Offline
4/14/2024,ORD0111,Customer 173,South,Furniture,Dining Table,9,1034.04,9306.36,6995.73,2310.63,0.05,UPI,Offline
9/20/2024,ORD0112,Customer 138,North,Furniture,Office Chair,10,1013.33,10133.3,6662.11,3471.19,0.05,Cash,Online
4/21/2024,ORD0113,Customer 184,South,Clothing,Summer T-Shirt,4,544.45,2177.8,1307.48,870.32,0.15,Cash,Online
1/19/2024,ORD0114,Customer 224,South,Stationery,Stapler,8,459.18,3673.44,2686.04,987.4,0.1,Bank Transfer,Online
11/26/2024,ORD0115,Customer 219,East,Clothing,Formal Shoes,5,1435.07,7175.35,6239.31,936.04,0.05,UPI,Online
1/16/2024,ORD0116,Customer 161,North,Electronics,Tablet Mini,4,253.47,1013.88,703.88,310,0.15,Credit Card,Online
9/24/2024,ORD0117,Customer 79,East,Stationery,Notebook,2,1404.11,2808.22,1866.66,941.56,0.15,UPI,Offline
7/4/2024,ORD0118,Customer 148,West,Furniture,Bookshelf,3,174.69,524.07,437.35,86.72,0.05,Credit Card,Online
4/25/2024,ORD0119,Customer 83,West,Clothing,Summer T-Shirt,9,1227.68,11049.12,8847.82,2201.3,0.15,Cash,Offline
6/27/2024,ORD0120,Customer 41,West,Furniture,Dining Table,7,1203.67,8425.69,5292.54,3133.15,0.1,Cash,Offline
8/3/2024,ORD0121,Customer 217,Central,Furniture,Bookshelf,8,1338.65,10709.2,7206.71,3502.49,0,Credit Card,Online
12/24/2024,ORD0122,Customer 99,East,Appliances,Microwave Oven,4,63.5,254,214.19,39.81,0.15,Cash,Offline
5/12/2024,ORD0123,Customer 229,Central,Appliances,Air Conditioner,5,310.42,1552.1,1126.28,425.82,0.15,Cash,Online
3/31/2024,ORD0124,Customer 129,East,Appliances,Air Conditioner,7,114.21,799.47,552.68,246.79,0.1,Cash,Online
7/28/2024,ORD0125,Customer 96,North,Electronics,Tablet Mini,7,763.39,5343.73,4727.73,616,0.15,Bank Transfer,Offline
4/3/2024,ORD0126,Customer 16,East,Clothing,Jeans,5,560.92,2804.6,1883.07,921.53,0,Cash,Offline
3/29/2024,ORD0127,Customer 25,East,Stationery,Notebook,6,607.23,3643.38,2729.39,913.99,0.1,Bank Transfer,Offline
2/19/2024,ORD0128,Customer 121,Central,Furniture,Standing Desk,1,1211.8,1211.8,1019.05,192.75,0.05,Credit Card,Online
6/17/2024,ORD0129,Customer 161,South,Clothing,Formal Shoes,9,806.69,7260.21,6458.42,801.79,0.05,Bank Transfer,Offline
12/10/2024,ORD0130,Customer 128,East,Appliances,Air Conditioner,2,98.95,197.9,168.81,29.09,0,Cash,Online
6/25/2024,ORD0131,Customer 257,North,Electronics,Smartphone X,1,1270.2,1270.2,771.59,498.61,0,Cash,Offline
5/20/2024,ORD0132,Customer 4,South,Appliances,Vacuum Cleaner,9,1397.58,12578.22,8929.85,3648.37,0,Bank Transfer,Online
9/21/2024,ORD0133,Customer 292,North,Appliances,Microwave Oven,9,83.12,748.08,603.42,144.66,0.05,Bank Transfer,Online
10/30/2024,ORD0134,Customer 234,West,Appliances,Blender Pro,3,255.25,765.75,598.1,167.65,0.05,UPI,Online
11/21/2024,ORD0135,Customer 175,North,Furniture,Dining Table,9,221.17,1990.53,1744.48,246.05,0.1,Bank Transfer,Online
12/20/2024,ORD0136,Customer 213,West,Stationery,Highlighter Set,3,735.17,2205.51,1956.84,248.67,0.1,Bank Transfer,Online
10/2/2024,ORD0137,Customer 165,North,Appliances,Blender Pro,10,1227.12,12271.2,7641.23,4629.97,0.1,Credit Card,Offline
12/15/2024,ORD0138,Customer 188,West,Furniture,Standing Desk,9,786.4,7077.6,5259.63,1817.97,0,Bank Transfer,Offline
10/23/2024,ORD0139,Customer 294,North,Furniture,Standing Desk,7,672.56,4707.92,4229.15,478.77,0.15,Cash,Offline
1/24/2024,ORD0140,Customer 80,West,Stationery,Ball Pen,5,1377.21,6886.05,4633.35,2252.7,0,Bank Transfer,Online
4/19/2024,ORD0141,Customer 33,East,Clothing,Summer T-Shirt,4,953.69,3814.76,2915.73,899.03,0.05,Credit Card,Offline
3/12/2024,ORD0142,Customer 162,South,Electronics,Laptop Pro,8,1136.87,9094.96,5572.34,3522.62,0.1,UPI,Offline
12/5/2024,ORD0143,Customer 255,North,Appliances,Blender Pro,6,1261.44,7568.64,5951.7,1616.94,0.1,UPI,Online
7/2/2024,ORD0144,Customer 201,North,Stationery,Stapler,5,174.25,871.25,528.87,342.38,0.1,Bank Transfer,Online
12/17/2024,ORD0145,Customer 253,Central,Electronics,Tablet Mini,1,1455.32,1455.32,1097.65,357.67,0.1,Credit Card,Offline
6/8/2024,ORD0146,Customer 123,South,Appliances,Air Conditioner,5,245.97,1229.85,987.22,242.63,0,Bank Transfer,Offline
10/5/2024,ORD0147,Customer 283,South,Clothing,Jeans,6,566.05,3396.3,2273.18,1123.12,0.1,Bank Transfer,Online
4/15/2024,ORD0148,Customer 114,South,Appliances,Blender Pro,9,579.46,5215.14,4050.27,1164.87,0.15,Credit Card,Offline
12/22/2024,ORD0149,Customer 79,South,Appliances,Air Conditioner,2,1197.91,2395.82,2146.04,249.78,0.1,Credit Card,Offline
4/4/2024,ORD0150,Customer 68,West,Furniture,Standing Desk,7,1026.94,7188.58,6185.41,1003.17,0,UPI,Online
11/20/2024,ORD0151,Customer 58,Central,Stationery,Ball Pen,1,200.66,200.66,154.5,46.16,0.15,Bank Transfer,Offline
7/6/2024,ORD0152,Customer 212,Central,Clothing,Jeans,8,740.5,5924,5047.84,876.16,0.1,UPI,Offline
11/18/2024,ORD0153,Customer 14,South,Furniture,Office Chair,9,832.78,7495.02,5126.69,2368.33,0.05,Credit Card,Offline
11/26/2024,ORD0154,Customer 209,South,Stationery,Ball Pen,2,33.1,66.2,53.21,12.99,0.05,Cash,Online
9/19/2024,ORD0155,Customer 159,East,Appliances,Blender Pro,4,696.99,2787.96,2471.46,316.5,0,Credit Card,Online
11/16/2024,ORD0156,Customer 233,East,Furniture,Bookshelf,2,233.69,467.38,379.49,87.89,0.05,Bank Transfer,Offline
7/8/2024,ORD0157,Customer 190,North,Appliances,Vacuum Cleaner,9,369.59,3326.31,2296.17,1030.14,0.05,UPI,Offline
2/14/2024,ORD0158,Customer 160,West,Electronics,Wireless Earbuds,5,763.43,3817.15,2626.62,1190.53,0.15,Bank Transfer,Online
11/11/2024,ORD0159,Customer 28,Central,Furniture,Bookshelf,3,922.41,2767.23,2391.54,375.69,0.05,Bank Transfer,Online
4/17/2024,ORD0160,Customer 10,West,Appliances,Blender Pro,2,391.11,782.22,600.37,181.85,0.05,Credit Card,Online
1/9/2024,ORD0161,Customer 139,South,Appliances,Microwave Oven,9,1074.88,9673.92,8225.44,1448.48,0.15,Credit Card,Online
9/24/2024,ORD0162,Customer 110,South,Electronics,Tablet Mini,1,581.17,581.17,418.16,163.01,0,Cash,Offline
11/7/2024,ORD0163,Customer 24,Central,Clothing,Formal Shoes,5,1269,6345,5045.72,1299.28,0.1,Credit Card,Offline
10/15/2024,ORD0164,Customer 116,North,Furniture,Dining Table,9,383.52,3451.68,2908.26,543.42,0.15,UPI,Online
6/17/2024,ORD0165,Customer 36,West,Electronics,Tablet Mini,2,1197,2394,1679.91,714.09,0.05,UPI,Offline
7/31/2024,ORD0166,Customer 47,West,Clothing,Winter Jacket,9,137.35,1236.15,974.86,261.29,0.1,Cash,Offline
3/10/2024,ORD0167,Customer 134,South,Furniture,Office Chair,8,569.41,4555.28,3019.6,1535.68,0.1,Cash,Offline
3/23/2024,ORD0168,Customer 256,North,Stationery,Notebook,9,442.06,3978.54,2615.6,1362.94,0.05,Bank Transfer,Offline
7/13/2024,ORD0169,Customer 70,South,Appliances,Blender Pro,1,1023.56,1023.56,881.88,141.68,0.05,UPI,Online
4/10/2024,ORD0170,Customer 263,North,Clothing,Summer T-Shirt,5,546.04,2730.2,2071.22,658.98,0.1,Credit Card,Online
11/24/2024,ORD0171,Customer 216,South,Clothing,Formal Shoes,7,1252.38,8766.66,5456.75,3309.91,0,UPI,Online
2/27/2024,ORD0172,Customer 93,East,Stationery,Highlighter Set,1,268.06,268.06,229.23,38.83,0,Cash,Offline
3/12/2024,ORD0173,Customer 90,West,Clothing,Formal Shoes,6,375.29,2251.74,2026.14,225.6,0.15,Bank Transfer,Offline
6/25/2024,ORD0174,Customer 18,South,Furniture,Dining Table,8,711.02,5688.16,5071.38,616.78,0.15,Credit Card,Online
1/18/2024,ORD0175,Customer 137,West,Stationery,Stapler,4,1370.23,5480.92,3915.27,1565.65,0.05,Credit Card,Offline
3/18/2024,ORD0176,Customer 34,West,Furniture,Bookshelf,4,947.25,3789,3076.49,712.51,0,Bank Transfer,Online
4/20/2024,ORD0177,Customer 75,West,Appliances,Blender Pro,8,1278.76,10230.08,6311.87,3918.21,0,Cash,Online
9/19/2024,ORD0178,Customer 103,East,Appliances,Air Conditioner,10,587.09,5870.9,4472.35,1398.55,0.1,UPI,Online
10/12/2024,ORD0179,Customer 76,West,Clothing,Summer T-Shirt,9,1096.25,9866.25,8337.3,1528.95,0.05,Cash,Online
1/6/2024,ORD0180,Customer 149,North,Stationery,Ball Pen,10,430.13,4301.3,2854.97,1446.33,0.05,Credit Card,Online
11/12/2024,ORD0181,Customer 241,North,Appliances,Blender Pro,7,494.07,3458.49,3065.24,393.25,0.1,Bank Transfer,Online
10/17/2024,ORD0182,Customer 43,North,Electronics,Laptop Pro,10,1059.44,10594.4,7506.16,3088.24,0.05,Cash,Online
12/16/2024,ORD0183,Customer 273,South,Stationery,Highlighter Set,8,1212.18,9697.44,7640.94,2056.5,0.1,UPI,Offline
11/9/2024,ORD0184,Customer 153,South,Electronics,Laptop Pro,1,260.22,260.22,211.88,48.34,0.05,UPI,Online
9/12/2024,ORD0185,Customer 167,West,Clothing,Winter Jacket,8,791.93,6335.44,3962.77,2372.67,0.15,Cash,Online
4/15/2024,ORD0186,Customer 115,East,Appliances,Blender Pro,2,1146.26,2292.52,1831.25,461.27,0,Cash,Online
7/18/2024,ORD0187,Customer 32,North,Stationery,Notebook,9,1482.36,13341.24,10307.94,3033.3,0.1,Cash,Online
6/8/2024,ORD0188,Customer 161,North,Appliances,Air Conditioner,9,306.45,2758.05,2092.43,665.62,0.05,UPI,Online
1/21/2024,ORD0189,Customer 133,Central,Clothing,Summer T-Shirt,2,793.67,1587.34,1349.33,238.01,0,Bank Transfer,Offline
5/30/2024,ORD0190,Customer 112,West,Clothing,Jeans,3,517.66,1552.98,984.54,568.44,0.05,Cash,Offline
1/10/2024,ORD0191,Customer 243,North,Stationery,Ball Pen,8,695.26,5562.08,4337.18,1224.9,0.05,Bank Transfer,Offline
12/10/2024,ORD0192,Customer 77,North,Furniture,Standing Desk,4,969.54,3878.16,2632.42,1245.74,0.1,Bank Transfer,Offline
4/30/2024,ORD0193,Customer 37,North,Furniture,Dining Table,6,503.33,3019.98,2301.66,718.32,0.1,Bank Transfer,Online
8/27/2024,ORD0194,Customer 72,Central,Electronics,Smartphone X,3,191.25,573.75,460.46,113.29,0.05,Credit Card,Online
4/29/2024,ORD0195,Customer 195,East,Clothing,Formal Shoes,8,1426,11408,10220.89,1187.11,0,UPI,Offline
10/24/2024,ORD0196,Customer 209,North,Clothing,Jeans,8,347.11,2776.88,2326.45,450.43,0,Credit Card,Online
10/23/2024,ORD0197,Customer 268,West,Clothing,Winter Jacket,2,494.34,988.68,664.08,324.6,0.05,Cash,Offline
7/6/2024,ORD0198,Customer 143,North,Furniture,Standing Desk,5,267.24,1336.2,854.52,481.68,0.15,Bank Transfer,Online
4/18/2024,ORD0199,Customer 31,South,Electronics,Smartphone X,2,613.22,1226.44,996.07,230.37,0.1,UPI,Offline
9/11/2024,ORD0200,Customer 173,North,Furniture,Standing Desk,4,433.24,1732.96,1274.8,458.16,0.05,Credit Card,Online
1/4/2024,ORD0201,Customer 297,Central,Electronics,Tablet Mini,9,919.6,8276.4,6305.17,1971.23,0.1,Bank Transfer,Offline
4/14/2024,ORD0202,Customer 64,Central,Electronics,Wireless Earbuds,6,825.89,4955.34,4280.91,674.43,0.1,Cash,Offline
4/23/2024,ORD0203,Customer 204,North,Electronics,Smartphone X,3,910.58,2731.74,1893.86,837.88,0.05,Credit Card,Online
3/23/2024,ORD0204,Customer 187,West,Clothing,Summer T-Shirt,2,1473.18,2946.36,1788.73,1157.63,0,Bank Transfer,Online
12/8/2024,ORD0205,Customer 107,Central,Appliances,Vacuum Cleaner,6,94.82,568.92,442.52,126.4,0.1,Credit Card,Online
6/8/2024,ORD0206,Customer 172,Central,Appliances,Vacuum Cleaner,10,497.68,4976.8,3335.22,1641.58,0.1,Credit Card,Offline
11/28/2024,ORD0207,Customer 265,East,Electronics,Wireless Earbuds,4,1056.32,4225.28,2907.3,1317.98,0.05,Credit Card,Online
6/3/2024,ORD0208,Customer 158,North,Appliances,Vacuum Cleaner,1,1100.08,1100.08,923.2,176.88,0.15,UPI,Online
1/2/2024,ORD0209,Customer 17,North,Clothing,Summer T-Shirt,1,1059.9,1059.9,945.48,114.42,0.05,Bank Transfer,Offline
10/2/2024,ORD0210,Customer 111,North,Electronics,Laptop Pro,1,259.21,259.21,231.93,27.28,0.15,UPI,Offline
7/24/2024,ORD0211,Customer 261,North,Stationery,Ball Pen,10,143.74,1437.4,920.22,517.18,0.1,Bank Transfer,Offline
4/29/2024,ORD0212,Customer 149,East,Electronics,Laptop Pro,4,590.42,2361.68,1530.76,830.92,0.1,Credit Card,Offline
6/11/2024,ORD0213,Customer 38,South,Clothing,Winter Jacket,8,70.12,560.96,385.13,175.83,0.1,Cash,Online
9/4/2024,ORD0214,Customer 253,West,Stationery,Stapler,7,416.76,2917.32,2416.18,501.14,0.1,UPI,Offline
5/24/2024,ORD0215,Customer 54,South,Stationery,Highlighter Set,3,255.09,765.27,538.84,226.43,0.1,Bank Transfer,Online
11/21/2024,ORD0216,Customer 241,Central,Furniture,Office Chair,4,874.18,3496.72,2455.71,1041.01,0.1,Bank Transfer,Online
4/9/2024,ORD0217,Customer 226,Central,Clothing,Summer T-Shirt,9,171.99,1547.91,1033.23,514.68,0.05,Credit Card,Online
1/6/2024,ORD0218,Customer 36,North,Stationery,Ball Pen,9,214.01,1926.09,1700.38,225.71,0,Cash,Offline
9/15/2024,ORD0219,Customer 266,South,Clothing,Jeans,10,709.81,7098.1,5939.9,1158.2,0.15,Bank Transfer,Offline
2/29/2024,ORD0220,Customer 94,North,Clothing,Winter Jacket,2,342.07,684.14,545.41,138.73,0,Cash,Offline
12/18/2024,ORD0221,Customer 2,East,Stationery,Ball Pen,5,1002.51,5012.55,4172.02,840.53,0.1,Cash,Online
1/16/2024,ORD0222,Customer 51,East,Stationery,Ball Pen,2,681.84,1363.68,903.86,459.82,0,Bank Transfer,Online
8/13/2024,ORD0223,Customer 203,East,Furniture,Dining Table,4,567.97,2271.88,1841.29,430.59,0.15,Credit Card,Offline
1/13/2024,ORD0224,Customer 295,South,Stationery,Highlighter Set,10,1008.67,10086.7,8112.12,1974.58,0.05,UPI,Online
6/10/2024,ORD0225,Customer 24,East,Furniture,Bookshelf,2,134.05,268.1,191.2,76.9,0.1,UPI,Online
8/13/2024,ORD0226,Customer 166,West,Appliances,Vacuum Cleaner,10,187.62,1876.2,1294.25,581.95,0.15,Cash,Offline
5/28/2024,ORD0227,Customer 202,Central,Clothing,Jeans,10,1103.31,11033.1,6745.27,4287.83,0.1,Bank Transfer,Online
8/20/2024,ORD0228,Customer 95,West,Electronics,Wireless Earbuds,9,577.79,5200.11,4411.64,788.47,0.15,UPI,Offline
3/10/2024,ORD0229,Customer 233,North,Appliances,Air Conditioner,4,499.95,1999.8,1523.44,476.36,0,Bank Transfer,Online
4/16/2024,ORD0230,Customer 208,North,Furniture,Office Chair,8,798.67,6389.36,5584.05,805.31,0,Bank Transfer,Online
1/14/2024,ORD0231,Customer 87,East,Clothing,Winter Jacket,2,726.43,1452.86,1031.66,421.2,0.05,Cash,Online
5/28/2024,ORD0232,Customer 39,North,Furniture,Office Chair,8,424.75,3398,2980.8,417.2,0.1,Bank Transfer,Offline
1/14/2024,ORD0233,Customer 120,North,Clothing,Winter Jacket,5,1236.85,6184.25,4228.24,1956.01,0.15,UPI,Offline
4/21/2024,ORD0234,Customer 128,West,Electronics,Wireless Earbuds,6,205.67,1234.02,901.63,332.39,0.15,UPI,Offline
11/21/2024,ORD0235,Customer 89,West,Stationery,Stapler,3,241.6,724.8,617.94,106.86,0.1,Cash,Offline
12/3/2024,ORD0236,Customer 279,South,Furniture,Office Chair,5,463.03,2315.15,1645.94,669.21,0.05,Credit Card,Online
6/20/2024,ORD0237,Customer 263,East,Electronics,Tablet Mini,5,894.07,4470.35,3341.21,1129.14,0,Credit Card,Online
12/13/2024,ORD0238,Customer 97,North,Furniture,Office Chair,5,1325.72,6628.6,4102.22,2526.38,0.1,Bank Transfer,Offline
7/19/2024,ORD0239,Customer 205,South,Clothing,Winter Jacket,6,542.42,3254.52,2761.32,493.2,0,Credit Card,Offline
2/5/2024,ORD0240,Customer 54,Central,Clothing,Formal Shoes,8,829.13,6633.04,4238.92,2394.12,0.1,Cash,Online
12/16/2024,ORD0241,Customer 188,North,Furniture,Standing Desk,9,1397.09,12573.81,9440.97,3132.84,0,UPI,Online
2/5/2024,ORD0242,Customer 134,West,Clothing,Jeans,7,1001.54,7010.78,5537.72,1473.06,0.15,Cash,Online
5/31/2024,ORD0243,Customer 115,West,Electronics,Smartphone X,10,233.58,2335.8,1704.76,631.04,0,UPI,Offline
2/2/2024,ORD0244,Customer 47,West,Appliances,Blender Pro,2,1065.67,2131.34,1623.14,508.2,0.05,UPI,Offline
1/3/2024,ORD0245,Customer 226,East,Clothing,Winter Jacket,4,253.75,1015,885.22,129.78,0.15,Cash,Online
6/25/2024,ORD0246,Customer 146,Central,Stationery,Ball Pen,5,218.11,1090.55,925.69,164.86,0,UPI,Online
4/12/2024,ORD0247,Customer 68,South,Appliances,Air Conditioner,7,212.85,1489.95,960.52,529.43,0.1,Credit Card,Online
5/2/2024,ORD0248,Customer 300,South,Clothing,Formal Shoes,8,1023.96,8191.68,6810.17,1381.51,0.05,Bank Transfer,Online
6/20/2024,ORD0249,Customer 150,North,Electronics,Smartphone X,8,535.82,4286.56,3780.46,506.1,0,UPI,Offline
5/3/2024,ORD0250,Customer 142,South,Clothing,Jeans,6,300.61,1803.66,1303.16,500.5,0.05,Cash,Online
5/15/2024,ORD0251,Customer 32,Central,Appliances,Blender Pro,9,424.5,3820.5,2737.24,1083.26,0.1,UPI,Online
1/14/2024,ORD0252,Customer 133,Central,Electronics,Tablet Mini,4,103.18,412.72,280.37,132.35,0,Credit Card,Online
12/31/2024,ORD0253,Customer 184,South,Stationery,Notebook,1,774.75,774.75,584.69,190.06,0.15,Bank Transfer,Online
10/19/2024,ORD0254,Customer 36,South,Electronics,Smartphone X,3,22.16,66.48,42.83,23.65,0.05,Bank Transfer,Online
10/8/2024,ORD0255,Customer 44,South,Clothing,Summer T-Shirt,6,466.7,2800.2,2156.66,643.54,0,Cash,Online
9/24/2024,ORD0256,Customer 169,West,Electronics,Laptop Pro,3,653.89,1961.67,1588.1,373.57,0,UPI,Online
1/12/2024,ORD0257,Customer 298,South,Clothing,Jeans,8,802.69,6421.52,4658.17,1763.35,0.05,Cash,Offline
5/11/2024,ORD0258,Customer 211,South,Appliances,Vacuum Cleaner,6,977.48,5864.88,4027.73,1837.15,0.05,UPI,Offline
1/3/2024,ORD0259,Customer 275,North,Electronics,Smartphone X,10,377.66,3776.6,2700.19,1076.41,0.1,UPI,Online
7/11/2024,ORD0260,Customer 126,North,Furniture,Office Chair,2,978.41,1956.82,1583.61,373.21,0.1,UPI,Online
12/1/2024,ORD0261,Customer 271,South,Appliances,Microwave Oven,10,1341.58,13415.8,8771.45,4644.35,0,UPI,Offline
12/9/2024,ORD0262,Customer 96,North,Stationery,Ball Pen,8,301.82,2414.56,1728.27,686.29,0.05,Bank Transfer,Online
9/17/2024,ORD0263,Customer 130,North,Appliances,Microwave Oven,6,344.16,2064.96,1723.6,341.36,0.15,Cash,Online
4/26/2024,ORD0264,Customer 280,North,Furniture,Office Chair,4,357.63,1430.52,1165.67,264.85,0.15,Bank Transfer,Online
4/26/2024,ORD0265,Customer 81,East,Electronics,Laptop Pro,5,1071.68,5358.4,4721.26,637.14,0,UPI,Online
6/11/2024,ORD0266,Customer 74,East,Appliances,Microwave Oven,8,123.81,990.48,632,358.48,0.05,Credit Card,Offline
8/30/2024,ORD0267,Customer 50,North,Clothing,Jeans,8,520.2,4161.6,3162.48,999.12,0,Cash,Offline
9/8/2024,ORD0268,Customer 177,East,Furniture,Standing Desk,9,255.53,2299.77,2036.77,263,0,Credit Card,Offline
10/23/2024,ORD0269,Customer 198,Central,Electronics,Tablet Mini,1,656.47,656.47,419.12,237.35,0.1,Cash,Online
2/19/2024,ORD0270,Customer 205,North,Electronics,Tablet Mini,10,718.75,7187.5,5827.41,1360.09,0.1,Bank Transfer,Offline
1/30/2024,ORD0271,Customer 161,East,Appliances,Air Conditioner,4,1060.4,4241.6,2699.99,1541.61,0.1,Credit Card,Online
9/6/2024,ORD0272,Customer 246,South,Appliances,Vacuum Cleaner,9,231.63,2084.67,1783.96,300.71,0.1,Credit Card,Offline
11/18/2024,ORD0273,Customer 90,South,Furniture,Office Chair,8,863.21,6905.68,4535.53,2370.15,0.15,UPI,Online
12/26/2024,ORD0274,Customer 110,North,Appliances,Vacuum Cleaner,7,858.53,6009.71,4377.44,1632.27,0.15,Cash,Offline
3/23/2024,ORD0275,Customer 101,South,Stationery,Highlighter Set,10,506.2,5062,3969.32,1092.68,0.05,UPI,Online
5/7/2024,ORD0276,Customer 228,Central,Electronics,Smartphone X,4,1247.17,4988.68,3460.27,1528.41,0.1,Credit Card,Offline
2/20/2024,ORD0277,Customer 279,North,Stationery,Stapler,2,144.43,288.86,216.96,71.9,0,Bank Transfer,Online
7/4/2024,ORD0278,Customer 285,West,Stationery,Highlighter Set,5,610.2,3051,2087.82,963.18,0.15,Cash,Offline
5/1/2024,ORD0279,Customer 231,Central,Electronics,Laptop Pro,4,359.78,1439.12,1226.28,212.84,0.05,Cash,Offline
8/28/2024,ORD0280,Customer 154,South,Appliances,Microwave Oven,7,1192.45,8347.15,5837.35,2509.8,0.05,Credit Card,Offline
4/26/2024,ORD0281,Customer 285,Central,Furniture,Dining Table,2,122.59,245.18,196.63,48.55,0.05,Credit Card,Online
10/11/2024,ORD0282,Customer 298,West,Clothing,Winter Jacket,2,268.84,537.68,407.75,129.93,0.15,Credit Card,Online
1/28/2024,ORD0283,Customer 81,East,Stationery,Ball Pen,9,678.62,6107.58,5279.05,828.53,0.1,UPI,Offline
5/16/2024,ORD0284,Customer 132,East,Furniture,Standing Desk,5,381.12,1905.6,1307.7,597.9,0.15,UPI,Offline
10/28/2024,ORD0285,Customer 44,North,Furniture,Bookshelf,8,299.04,2392.32,1844.48,547.84,0.15,Bank Transfer,Offline
4/10/2024,ORD0286,Customer 171,Central,Clothing,Jeans,1,1262.65,1262.65,972.46,290.19,0.05,Cash,Offline
10/8/2024,ORD0287,Customer 132,Central,Electronics,Laptop Pro,6,1062.75,6376.5,5253.26,1123.24,0.15,Credit Card,Online
8/15/2024,ORD0288,Customer 148,North,Appliances,Air Conditioner,8,55.99,447.92,370.97,76.95,0.15,Credit Card,Offline
8/10/2024,ORD0289,Customer 13,North,Clothing,Jeans,6,1333.25,7999.5,5310.06,2689.44,0.05,Cash,Online
1/20/2024,ORD0290,Customer 127,Central,Appliances,Vacuum Cleaner,2,986.34,1972.68,1575.8,396.88,0.05,Bank Transfer,Offline
4/30/2024,ORD0291,Customer 34,West,Clothing,Winter Jacket,8,603.63,4829.04,3679.36,1149.68,0.15,Credit Card,Offline
8/22/2024,ORD0292,Customer 136,Central,Clothing,Winter Jacket,2,929.42,1858.84,1180.99,677.85,0,Cash,Online
11/24/2024,ORD0293,Customer 185,East,Furniture,Standing Desk,7,373,2611,1646.64,964.36,0.1,Credit Card,Offline
8/22/2024,ORD0294,Customer 121,North,Appliances,Vacuum Cleaner,10,223.67,2236.7,1774.83,461.87,0.15,Bank Transfer,Online
6/19/2024,ORD0295,Customer 195,West,Clothing,Formal Shoes,3,660.44,1981.32,1755.96,225.36,0,UPI,Offline
12/11/2024,ORD0296,Customer 239,North,Electronics,Wireless Earbuds,4,1068.56,4274.24,3474.7,799.54,0.1,Cash,Offline
10/27/2024,ORD0297,Customer 59,South,Clothing,Winter Jacket,1,497.87,497.87,349.07,148.8,0.1,Credit Card,Offline
6/14/2024,ORD0298,Customer 283,South,Furniture,Bookshelf,3,957.56,2872.68,2077.59,795.09,0.1,Bank Transfer,Offline
1/7/2024,ORD0299,Customer 271,East,Electronics,Laptop Pro,4,1488.51,5954.04,4163.02,1791.02,0,Bank Transfer,Online
7/28/2024,ORD0300,Customer 176,Central,Furniture,Office Chair,2,1217.82,2435.64,1587.92,847.72,0.1,Cash,Offline
12/7/2024,ORD0301,Customer 290,East,Clothing,Formal Shoes,4,118.63,474.52,321.51,153.01,0.1,Credit Card,Online
1/12/2024,ORD0302,Customer 84,North,Appliances,Microwave Oven,8,925.13,7401.04,5918.03,1483.01,0.1,Bank Transfer,Online
1/9/2024,ORD0303,Customer 178,North,Electronics,Tablet Mini,3,903.22,2709.66,1762.67,946.99,0.05,UPI,Online
11/3/2024,ORD0304,Customer 260,South,Electronics,Laptop Pro,10,1105.52,11055.2,8695.85,2359.35,0.05,Credit Card,Online
2/19/2024,ORD0305,Customer 233,West,Electronics,Smartphone X,1,433.43,433.43,362.39,71.04,0,Credit Card,Online
6/4/2024,ORD0306,Customer 31,East,Electronics,Tablet Mini,8,652.38,5219.04,3357.42,1861.62,0.1,Cash,Online
10/28/2024,ORD0307,Customer 80,North,Appliances,Blender Pro,1,1494.33,1494.33,958.1,536.23,0.1,Credit Card,Offline
1/9/2024,ORD0308,Customer 206,Central,Appliances,Microwave Oven,3,953.62,2860.86,2152.08,708.78,0,Bank Transfer,Online
12/27/2024,ORD0309,Customer 14,East,Electronics,Tablet Mini,7,1453.15,10172.05,8211.07,1960.98,0.1,UPI,Online
12/6/2024,ORD0310,Customer 242,South,Furniture,Office Chair,10,806.74,8067.4,6787.61,1279.79,0.15,UPI,Online
6/15/2024,ORD0311,Customer 176,East,Clothing,Jeans,8,288.29,2306.32,1513.79,792.53,0,UPI,Online
4/26/2024,ORD0312,Customer 20,East,Furniture,Standing Desk,1,100.21,100.21,66.98,33.23,0.15,Credit Card,Online
8/24/2024,ORD0313,Customer 203,North,Stationery,Stapler,6,677.73,4066.38,2819.13,1247.25,0.1,Cash,Offline
1/3/2024,ORD0314,Customer 202,Central,Appliances,Microwave Oven,3,1090.01,3270.03,2078.31,1191.72,0,UPI,Offline
12/26/2024,ORD0315,Customer 49,West,Clothing,Winter Jacket,5,89.97,449.85,271.75,178.1,0.05,Bank Transfer,Online
5/12/2024,ORD0316,Customer 215,South,Electronics,Wireless Earbuds,7,970.37,6792.59,4125.45,2667.14,0.05,Bank Transfer,Online
7/31/2024,ORD0317,Customer 282,West,Stationery,Ball Pen,3,1076.57,3229.71,2013.02,1216.69,0,Cash,Offline
6/22/2024,ORD0318,Customer 262,East,Appliances,Microwave Oven,5,542.57,2712.85,1811.83,901.02,0.15,Bank Transfer,Online
10/12/2024,ORD0319,Customer 170,Central,Furniture,Bookshelf,10,1065.54,10655.4,8835.2,1820.2,0.05,Credit Card,Offline
3/14/2024,ORD0320,Customer 34,East,Electronics,Smartphone X,1,386.08,386.08,317.63,68.45,0,Cash,Offline
12/29/2024,ORD0321,Customer 158,West,Furniture,Standing Desk,8,1388.43,11107.44,7920.75,3186.69,0.05,Credit Card,Online
6/9/2024,ORD0322,Customer 234,West,Furniture,Standing Desk,1,1407.06,1407.06,859.72,547.34,0.1,Credit Card,Online
5/9/2024,ORD0323,Customer 160,Central,Electronics,Smartphone X,4,930.1,3720.4,2604.64,1115.76,0,Credit Card,Offline
4/2/2024,ORD0324,Customer 65,North,Appliances,Air Conditioner,5,772.52,3862.6,3351.8,510.8,0,Cash,Offline
10/1/2024,ORD0325,Customer 49,West,Appliances,Air Conditioner,6,567.04,3402.24,2431.11,971.13,0.05,Cash,Online
3/13/2024,ORD0326,Customer 279,East,Stationery,Stapler,2,316.04,632.08,558.77,73.31,0.15,UPI,Online
10/15/2024,ORD0327,Customer 217,East,Furniture,Office Chair,2,388.39,776.78,556.52,220.26,0.15,Bank Transfer,Offline
6/7/2024,ORD0328,Customer 126,Central,Furniture,Standing Desk,3,1366.08,4098.24,2627.11,1471.13,0.1,Cash,Online
11/4/2024,ORD0329,Customer 190,West,Electronics,Smartphone X,7,1458.21,10207.47,8766.93,1440.54,0.05,UPI,Online
6/25/2024,ORD0330,Customer 52,Central,Electronics,Tablet Mini,6,344.74,2068.44,1573.82,494.62,0.15,Credit Card,Online
8/14/2024,ORD0331,Customer 31,South,Appliances,Blender Pro,4,684.61,2738.44,1772.03,966.41,0.15,Credit Card,Online
5/9/2024,ORD0332,Customer 98,West,Furniture,Dining Table,6,396.6,2379.6,1534.52,845.08,0,Credit Card,Offline
7/29/2024,ORD0333,Customer 174,North,Electronics,Laptop Pro,10,1358.07,13580.7,9144.78,4435.92,0.15,Credit Card,Online
7/23/2024,ORD0334,Customer 253,North,Appliances,Air Conditioner,9,430.07,3870.63,2541.21,1329.42,0,UPI,Offline
3/1/2024,ORD0335,Customer 243,Central,Electronics,Laptop Pro,1,906.96,906.96,610.8,296.16,0,Bank Transfer,Offline
6/8/2024,ORD0336,Customer 96,North,Furniture,Bookshelf,10,873.57,8735.7,7113.21,1622.49,0.1,Credit Card,Online
6/22/2024,ORD0337,Customer 6,West,Clothing,Winter Jacket,4,357.64,1430.56,1146.47,284.09,0.1,Cash,Offline
4/15/2024,ORD0338,Customer 133,East,Appliances,Vacuum Cleaner,2,292.61,585.22,522.89,62.33,0,Credit Card,Online
7/11/2024,ORD0339,Customer 279,Central,Clothing,Jeans,10,734.18,7341.8,5128.59,2213.21,0.1,Bank Transfer,Online
8/27/2024,ORD0340,Customer 257,Central,Electronics,Tablet Mini,7,444.7,3112.9,1891.61,1221.29,0.15,Cash,Online
2/1/2024,ORD0341,Customer 66,East,Furniture,Dining Table,5,819.47,4097.35,3555.93,541.42,0.15,Cash,Online
9/26/2024,ORD0342,Customer 70,East,Appliances,Microwave Oven,1,111.39,111.39,82.39,29,0.05,Bank Transfer,Offline
3/28/2024,ORD0343,Customer 91,Central,Electronics,Wireless Earbuds,4,857.69,3430.76,2742.98,687.78,0.15,Credit Card,Online
5/23/2024,ORD0344,Customer 91,Central,Stationery,Ball Pen,7,94.15,659.05,585.18,73.87,0.05,Credit Card,Offline
11/15/2024,ORD0345,Customer 125,Central,Clothing,Jeans,4,1123.31,4493.24,2743.74,1749.5,0.15,UPI,Online
12/26/2024,ORD0346,Customer 97,Central,Stationery,Highlighter Set,4,726.02,2904.08,2214.57,689.51,0.05,Credit Card,Online
11/5/2024,ORD0347,Customer 201,East,Electronics,Wireless Earbuds,1,1460.73,1460.73,896.48,564.25,0.15,UPI,Offline
3/13/2024,ORD0348,Customer 143,Central,Clothing,Summer T-Shirt,3,968.67,2906.01,1870.1,1035.91,0.15,Bank Transfer,Online
9/20/2024,ORD0349,Customer 269,South,Clothing,Jeans,6,300.5,1803,1395.96,407.04,0.05,Bank Transfer,Offline
2/23/2024,ORD0350,Customer 164,Central,Appliances,Microwave Oven,7,231.05,1617.35,1054.45,562.9,0.15,Bank Transfer,Offline
4/26/2024,ORD0351,Customer 93,South,Stationery,Notebook,2,1059.97,2119.94,1352.69,767.25,0.15,UPI,Offline
1/1/2024,ORD0352,Customer 175,South,Stationery,Ball Pen,1,1391.53,1391.53,1175.01,216.52,0.1,UPI,Online
3/2/2024,ORD0353,Customer 189,South,Appliances,Vacuum Cleaner,7,145.49,1018.43,713.91,304.52,0.05,UPI,Online
1/20/2024,ORD0354,Customer 134,West,Stationery,Highlighter Set,6,1428.91,8573.46,6623.15,1950.31,0.15,Cash,Offline
9/3/2024,ORD0355,Customer 16,South,Stationery,Highlighter Set,8,1452.57,11620.56,10399.46,1221.1,0.15,Cash,Online
6/17/2024,ORD0356,Customer 179,West,Clothing,Jeans,3,736.05,2208.15,1779.93,428.22,0,Credit Card,Online
4/21/2024,ORD0357,Customer 63,North,Stationery,Notebook,8,1364.51,10916.08,7206.58,3709.5,0.1,Credit Card,Online
3/11/2024,ORD0358,Customer 246,West,Clothing,Jeans,2,253.3,506.6,398.7,107.9,0.05,Cash,Online
1/27/2024,ORD0359,Customer 143,North,Electronics,Wireless Earbuds,6,236.2,1417.2,1201.48,215.72,0.05,Credit Card,Offline
1/23/2024,ORD0360,Customer 276,South,Furniture,Bookshelf,2,387.05,774.1,529.18,244.92,0.1,Bank Transfer,Online
9/24/2024,ORD0361,Customer 154,North,Stationery,Stapler,7,579.91,4059.37,2748.97,1310.4,0.15,UPI,Online
12/27/2024,ORD0362,Customer 161,East,Stationery,Highlighter Set,9,942.45,8482.05,7472.6,1009.45,0.05,Credit Card,Offline
3/4/2024,ORD0363,Customer 254,East,Clothing,Winter Jacket,9,338.19,3043.71,2491.21,552.5,0.15,Bank Transfer,Offline
5/31/2024,ORD0364,Customer 73,South,Electronics,Smartphone X,6,933.96,5603.76,4675.24,928.52,0.15,UPI,Offline
4/22/2024,ORD0365,Customer 236,West,Stationery,Ball Pen,6,1250.38,7502.28,5778.08,1724.2,0,Cash,Online
4/11/2024,ORD0366,Customer 161,West,Clothing,Formal Shoes,6,917.09,5502.54,3866.07,1636.47,0.05,Credit Card,Online
1/7/2024,ORD0367,Customer 140,East,Electronics,Laptop Pro,2,916.87,1833.74,1557.69,276.05,0.1,Credit Card,Online
9/12/2024,ORD0368,Customer 173,East,Furniture,Standing Desk,4,661.93,2647.72,1616.39,1031.33,0,Bank Transfer,Offline
8/8/2024,ORD0369,Customer 108,West,Electronics,Laptop Pro,1,1073.77,1073.77,684.66,389.11,0,UPI,Offline
5/18/2024,ORD0370,Customer 143,East,Clothing,Summer T-Shirt,10,1321.4,13214,7980.62,5233.38,0.05,Credit Card,Online
7/15/2024,ORD0371,Customer 86,South,Clothing,Formal Shoes,8,1393.24,11145.92,8972.76,2173.16,0.15,UPI,Offline
4/5/2024,ORD0372,Customer 290,Central,Stationery,Notebook,10,907.31,9073.1,6260.53,2812.57,0.1,UPI,Online
11/29/2024,ORD0373,Customer 239,South,Electronics,Tablet Mini,5,1373.09,6865.45,5610.91,1254.54,0.05,UPI,Online
10/12/2024,ORD0374,Customer 175,North,Furniture,Dining Table,10,1104.17,11041.7,9339.26,1702.44,0.1,UPI,Online
8/18/2024,ORD0375,Customer 93,North,Clothing,Formal Shoes,5,1325.07,6625.35,4791.34,1834.01,0,Cash,Offline
4/12/2024,ORD0376,Customer 82,West,Appliances,Blender Pro,8,752.02,6016.16,4303.54,1712.62,0.1,Bank Transfer,Online
9/26/2024,ORD0377,Customer 291,North,Stationery,Ball Pen,9,437.85,3940.65,3193.52,747.13,0.1,Cash,Online
5/9/2024,ORD0378,Customer 144,North,Appliances,Air Conditioner,5,407.49,2037.45,1258.28,779.17,0,UPI,Online
12/13/2024,ORD0379,Customer 205,West,Furniture,Dining Table,3,1160.7,3482.1,2467.3,1014.8,0.15,UPI,Offline
5/13/2024,ORD0380,Customer 26,East,Appliances,Microwave Oven,7,44.36,310.52,234.72,75.8,0.15,UPI,Online
8/31/2024,ORD0381,Customer 77,East,Stationery,Notebook,9,1104.44,9939.96,8687.28,1252.68,0,Bank Transfer,Offline
5/22/2024,ORD0382,Customer 167,North,Appliances,Microwave Oven,6,1269.27,7615.62,4625.87,2989.75,0,Bank Transfer,Online
4/12/2024,ORD0383,Customer 106,East,Clothing,Formal Shoes,2,328.8,657.6,557.69,99.91,0,Credit Card,Offline
7/3/2024,ORD0384,Customer 30,North,Furniture,Dining Table,8,916.57,7332.56,4840.08,2492.48,0.15,UPI,Online
6/20/2024,ORD0385,Customer 232,North,Clothing,Winter Jacket,3,892.28,2676.84,1818.74,858.1,0.15,Cash,Online
7/4/2024,ORD0386,Customer 33,North,Appliances,Blender Pro,2,1080.58,2161.16,1633.52,527.64,0,Bank Transfer,Online
2/1/2024,ORD0387,Customer 105,East,Furniture,Dining Table,6,218.35,1310.1,847.04,463.06,0.1,Bank Transfer,Offline
7/6/2024,ORD0388,Customer 218,Central,Appliances,Air Conditioner,6,1148.03,6888.18,4750.77,2137.41,0.05,Credit Card,Online
6/23/2024,ORD0389,Customer 9,East,Appliances,Blender Pro,10,1085.06,10850.6,7864.77,2985.83,0.1,Bank Transfer,Offline
6/8/2024,ORD0390,Customer 189,South,Clothing,Winter Jacket,3,924.14,2772.42,1911.61,860.81,0.15,UPI,Online
1/12/2024,ORD0391,Customer 42,South,Electronics,Wireless Earbuds,2,67.77,135.54,113.09,22.45,0.1,Cash,Online
4/22/2024,ORD0392,Customer 161,West,Furniture,Dining Table,6,894.76,5368.56,4756.13,612.43,0,Bank Transfer,Online
9/15/2024,ORD0393,Customer 282,Central,Clothing,Formal Shoes,1,562.46,562.46,470.6,91.86,0.05,Bank Transfer,Offline
8/1/2024,ORD0394,Customer 41,West,Clothing,Winter Jacket,1,574.19,574.19,380.55,193.64,0.15,Credit Card,Offline
8/30/2024,ORD0395,Customer 216,North,Furniture,Bookshelf,10,245.27,2452.7,1557.48,895.22,0.15,UPI,Offline
11/16/2024,ORD0396,Customer 51,West,Clothing,Formal Shoes,4,1445.95,5783.8,4264.79,1519.01,0,Credit Card,Online
9/23/2024,ORD0397,Customer 33,North,Appliances,Microwave Oven,10,1200.39,12003.9,7400.5,4603.4,0,Cash,Online
8/26/2024,ORD0398,Customer 250,North,Furniture,Office Chair,10,1445.22,14452.2,9370.94,5081.26,0.15,UPI,Offline
1/18/2024,ORD0399,Customer 152,Central,Furniture,Bookshelf,7,164.98,1154.86,861.28,293.58,0.1,Credit Card,Offline
2/15/2024,ORD0400,Customer 231,South,Stationery,Notebook,10,530.37,5303.7,3280.8,2022.9,0.1,Cash,Offline
3/18/2024,ORD0401,Customer 222,East,Stationery,Stapler,1,1179.02,1179.02,805.65,373.37,0.15,Cash,Offline
4/8/2024,ORD0402,Customer 3,Central,Furniture,Bookshelf,6,701.48,4208.88,2644.57,1564.31,0.05,Credit Card,Offline
9/22/2024,ORD0403,Customer 1,East,Appliances,Blender Pro,2,188.09,376.18,332.38,43.8,0.1,Bank Transfer,Offline
6/25/2024,ORD0404,Customer 283,West,Appliances,Air Conditioner,6,678.38,4070.28,2774.11,1296.17,0.15,UPI,Online
6/28/2024,ORD0405,Customer 203,South,Electronics,Smartphone X,4,411.09,1644.36,1268.76,375.6,0.05,Cash,Online
2/27/2024,ORD0406,Customer 72,West,Appliances,Blender Pro,10,923.51,9235.1,5735.97,3499.13,0,Credit Card,Online
3/30/2024,ORD0407,Customer 238,Central,Stationery,Notebook,7,682.27,4775.89,4283.64,492.25,0.15,Bank Transfer,Online
6/1/2024,ORD0408,Customer 276,South,Stationery,Stapler,9,815.11,7335.99,5299.51,2036.48,0.1,Bank Transfer,Online
2/21/2024,ORD0409,Customer 153,South,Stationery,Notebook,4,609.56,2438.24,1842.4,595.84,0.15,Bank Transfer,Offline
9/29/2024,ORD0410,Customer 190,North,Furniture,Bookshelf,4,664.64,2658.56,2225.96,432.6,0,Cash,Online
1/14/2024,ORD0411,Customer 149,Central,Appliances,Blender Pro,10,1483.02,14830.2,10696.17,4134.03,0.05,Bank Transfer,Offline
3/12/2024,ORD0412,Customer 166,South,Clothing,Summer T-Shirt,7,1163.8,8146.6,5005.66,3140.94,0.15,UPI,Online
6/11/2024,ORD0413,Customer 284,East,Stationery,Stapler,3,1446.81,4340.43,3503.73,836.7,0,Credit Card,Offline
10/20/2024,ORD0414,Customer 243,West,Appliances,Blender Pro,4,742.48,2969.92,2145.72,824.2,0.15,UPI,Online
8/22/2024,ORD0415,Customer 29,West,Furniture,Standing Desk,10,128.04,1280.4,1043.32,237.08,0.05,Credit Card,Online
3/21/2024,ORD0416,Customer 295,West,Stationery,Notebook,9,616.18,5545.62,4204.28,1341.34,0.15,Bank Transfer,Online
12/22/2024,ORD0417,Customer 50,West,Clothing,Summer T-Shirt,2,1121.81,2243.62,1937.81,305.81,0.1,Cash,Online
11/29/2024,ORD0418,Customer 190,East,Furniture,Standing Desk,4,1474.43,5897.72,4139.92,1757.8,0,Bank Transfer,Offline
12/24/2024,ORD0419,Customer 10,South,Furniture,Office Chair,9,379.68,3417.12,2423.44,993.68,0.05,Bank Transfer,Offline
2/17/2024,ORD0420,Customer 156,West,Appliances,Microwave Oven,6,962.79,5776.74,5156.19,620.55,0.15,Credit Card,Offline
12/18/2024,ORD0421,Customer 127,West,Electronics,Laptop Pro,5,877.52,4387.6,3541.99,845.61,0,UPI,Offline
9/22/2024,ORD0422,Customer 145,East,Appliances,Blender Pro,8,1295.85,10366.8,8729.06,1637.74,0,Credit Card,Offline
11/6/2024,ORD0423,Customer 283,East,Appliances,Microwave Oven,7,1200.4,8402.8,5377.05,3025.75,0.15,Credit Card,Offline
5/2/2024,ORD0424,Customer 229,East,Stationery,Stapler,9,455.3,4097.7,2518.96,1578.74,0.1,UPI,Online
6/27/2024,ORD0425,Customer 142,East,Electronics,Tablet Mini,10,738.45,7384.5,5048.39,2336.11,0,Bank Transfer,Offline
3/25/2024,ORD0426,Customer 22,East,Clothing,Jeans,6,585.17,3511.02,2985.41,525.61,0,Cash,Online
7/4/2024,ORD0427,Customer 170,North,Furniture,Dining Table,1,1460.7,1460.7,1135.34,325.36,0.15,Credit Card,Offline
7/11/2024,ORD0428,Customer 239,North,Stationery,Ball Pen,5,779.14,3895.7,3062.45,833.25,0.15,Cash,Online
12/30/2024,ORD0429,Customer 39,Central,Electronics,Laptop Pro,4,366.3,1465.2,1207.5,257.7,0.15,Credit Card,Offline
2/27/2024,ORD0430,Customer 54,South,Furniture,Standing Desk,8,223.28,1786.24,1083.4,702.84,0,Credit Card,Offline
4/15/2024,ORD0431,Customer 145,South,Furniture,Office Chair,1,679.65,679.65,583.41,96.24,0.05,Cash,Offline
3/8/2024,ORD0432,Customer 5,North,Appliances,Microwave Oven,5,601.85,3009.25,2112.94,896.31,0.1,Cash,Online
11/6/2024,ORD0433,Customer 153,West,Furniture,Office Chair,5,295.19,1475.95,969.43,506.52,0,UPI,Online
11/22/2024,ORD0434,Customer 198,Central,Furniture,Standing Desk,9,789.76,7107.84,4708.86,2398.98,0.05,UPI,Offline
4/30/2024,ORD0435,Customer 270,Central,Clothing,Summer T-Shirt,10,915.23,9152.3,7728.51,1423.79,0.05,Credit Card,Online
7/1/2024,ORD0436,Customer 185,East,Appliances,Vacuum Cleaner,6,293.63,1761.78,1261.67,500.11,0.15,UPI,Online
11/7/2024,ORD0437,Customer 185,South,Electronics,Wireless Earbuds,5,363.61,1818.05,1427.92,390.13,0,Credit Card,Offline
1/11/2024,ORD0438,Customer 285,West,Appliances,Microwave Oven,1,784.47,784.47,679.85,104.62,0.15,UPI,Offline
10/30/2024,ORD0439,Customer 186,South,Clothing,Summer T-Shirt,7,991.18,6938.26,5602.99,1335.27,0.1,Cash,Offline
6/22/2024,ORD0440,Customer 65,North,Furniture,Office Chair,8,937.12,7496.96,6338.89,1158.07,0.1,Credit Card,Online
5/18/2024,ORD0441,Customer 24,West,Appliances,Air Conditioner,3,1210.52,3631.56,2810.64,820.92,0,Bank Transfer,Offline
3/13/2024,ORD0442,Customer 85,Central,Appliances,Microwave Oven,10,204.66,2046.6,1431.92,614.68,0.1,UPI,Online
12/14/2024,ORD0443,Customer 145,West,Electronics,Laptop Pro,5,1010.25,5051.25,3662.27,1388.98,0,UPI,Online
10/21/2024,ORD0444,Customer 191,West,Clothing,Formal Shoes,3,1431.87,4295.61,2961.22,1334.39,0.15,UPI,Offline
7/23/2024,ORD0445,Customer 157,South,Appliances,Vacuum Cleaner,7,120.44,843.08,590.08,253,0,Bank Transfer,Offline
8/5/2024,ORD0446,Customer 142,Central,Stationery,Notebook,7,1495.39,10467.73,6493.77,3973.96,0.1,Bank Transfer,Offline
7/5/2024,ORD0447,Customer 85,South,Stationery,Highlighter Set,3,1282.46,3847.38,2727.07,1120.31,0.1,UPI,Online
11/10/2024,ORD0448,Customer 240,Central,Furniture,Office Chair,2,602.29,1204.58,739.94,464.64,0.15,Cash,Online
4/4/2024,ORD0449,Customer 101,Central,Electronics,Wireless Earbuds,5,1245.41,6227.05,5010.46,1216.59,0.05,Bank Transfer,Online
6/2/2024,ORD0450,Customer 24,West,Furniture,Dining Table,2,499.71,999.42,804.42,195,0.05,Cash,Online
2/22/2024,ORD0451,Customer 99,Central,Clothing,Summer T-Shirt,6,84.28,505.68,358.93,146.75,0.05,Credit Card,Offline
9/15/2024,ORD0452,Customer 102,South,Furniture,Office Chair,2,560.68,1121.36,943.43,177.93,0,Credit Card,Offline
9/17/2024,ORD0453,Customer 289,Central,Stationery,Notebook,5,1237.72,6188.6,5509.39,679.21,0.1,UPI,Online
4/7/2024,ORD0454,Customer 211,South,Stationery,Highlighter Set,3,87.36,262.08,173.05,89.03,0.15,UPI,Online
10/21/2024,ORD0455,Customer 127,East,Electronics,Smartphone X,5,896.63,4483.15,3189.5,1293.65,0.05,UPI,Offline
10/27/2024,ORD0456,Customer 62,East,Electronics,Tablet Mini,3,287.49,862.47,645.49,216.98,0.15,Credit Card,Online
4/1/2024,ORD0457,Customer 276,North,Clothing,Winter Jacket,5,188.83,944.15,758.74,185.41,0,Cash,Offline
6/6/2024,ORD0458,Customer 21,West,Stationery,Highlighter Set,3,219.24,657.72,501.46,156.26,0.05,UPI,Online
10/10/2024,ORD0459,Customer 272,Central,Stationery,Ball Pen,8,878.53,7028.24,5553.01,1475.23,0.05,Bank Transfer,Offline
8/13/2024,ORD0460,Customer 268,West,Stationery,Notebook,8,727.08,5816.64,4471.66,1344.98,0.05,UPI,Offline
5/20/2024,ORD0461,Customer 258,Central,Electronics,Smartphone X,9,309.37,2784.33,2081.41,702.92,0,Credit Card,Offline
2/8/2024,ORD0462,Customer 103,West,Furniture,Bookshelf,8,63.22,505.76,375.02,130.74,0,Credit Card,Online
10/4/2024,ORD0463,Customer 51,North,Stationery,Stapler,5,248.16,1240.8,1036.49,204.31,0.1,Bank Transfer,Online
4/3/2024,ORD0464,Customer 51,East,Clothing,Winter Jacket,2,329.7,659.4,495.12,164.28,0,Credit Card,Offline
12/27/2024,ORD0465,Customer 299,Central,Stationery,Highlighter Set,8,319.14,2553.12,1841.8,711.32,0.15,UPI,Online
6/22/2024,ORD0466,Customer 88,South,Appliances,Microwave Oven,9,591.29,5321.61,4707.8,613.81,0.15,Credit Card,Online
5/19/2024,ORD0467,Customer 116,South,Clothing,Formal Shoes,7,1125.48,7878.36,4780.49,3097.87,0.15,Bank Transfer,Offline
3/3/2024,ORD0468,Customer 292,North,Stationery,Highlighter Set,8,1131.71,9053.68,5622.63,3431.05,0.15,Credit Card,Online
2/20/2024,ORD0469,Customer 80,Central,Electronics,Laptop Pro,7,1469.3,10285.1,6926.61,3358.49,0.15,Cash,Offline
5/19/2024,ORD0470,Customer 286,North,Electronics,Tablet Mini,9,1464.17,13177.53,9170.45,4007.08,0,Bank Transfer,Offline
10/10/2024,ORD0471,Customer 115,East,Electronics,Tablet Mini,9,1007.32,9065.88,6907.77,2158.11,0,Bank Transfer,Online
2/13/2024,ORD0472,Customer 138,Central,Appliances,Air Conditioner,5,1314.16,6570.8,4142.79,2428.01,0.1,Cash,Offline
6/14/2024,ORD0473,Customer 168,East,Clothing,Jeans,4,1304.68,5218.72,3281.13,1937.59,0,Credit Card,Offline
11/23/2024,ORD0474,Customer 126,North,Furniture,Office Chair,1,918.95,918.95,819.03,99.92,0.1,Bank Transfer,Online
3/4/2024,ORD0475,Customer 276,West,Clothing,Summer T-Shirt,9,1292.59,11633.31,9980.52,1652.79,0.15,Credit Card,Offline
1/16/2024,ORD0476,Customer 213,Central,Appliances,Vacuum Cleaner,3,1188.26,3564.78,2446.98,1117.8,0.15,UPI,Online
2/21/2024,ORD0477,Customer 244,South,Stationery,Stapler,5,1098.42,5492.1,3853.51,1638.59,0.15,Credit Card,Online
6/5/2024,ORD0478,Customer 182,South,Stationery,Notebook,4,978.43,3913.72,3162.09,751.63,0.1,Credit Card,Online
2/28/2024,ORD0479,Customer 193,South,Clothing,Jeans,9,708.85,6379.65,4567.33,1812.32,0,Bank Transfer,Offline
12/28/2024,ORD0480,Customer 161,West,Furniture,Dining Table,2,581.09,1162.18,951.34,210.84,0.05,Cash,Offline
3/6/2024,ORD0481,Customer 32,North,Appliances,Air Conditioner,10,798.45,7984.5,6792.3,1192.2,0,UPI,Online
1/19/2024,ORD0482,Customer 277,East,Appliances,Air Conditioner,6,1115.39,6692.34,4946.12,1746.22,0.1,UPI,Offline
2/9/2024,ORD0483,Customer 68,South,Furniture,Dining Table,9,390.8,3517.2,3017.64,499.56,0.05,Cash,Offline
3/18/2024,ORD0484,Customer 86,West,Clothing,Winter Jacket,4,150.78,603.12,507.07,96.05,0.05,Bank Transfer,Offline
3/13/2024,ORD0485,Customer 236,North,Appliances,Air Conditioner,1,573.21,573.21,411.6,161.61,0,UPI,Online
8/21/2024,ORD0486,Customer 198,West,Furniture,Bookshelf,9,1372.45,12352.05,10196.6,2155.45,0.15,UPI,Offline
1/25/2024,ORD0487,Customer 170,East,Furniture,Bookshelf,4,1245.2,4980.8,3822.93,1157.87,0.05,UPI,Online
1/23/2024,ORD0488,Customer 195,West,Electronics,Tablet Mini,1,934.32,934.32,590.09,344.23,0.15,Bank Transfer,Online
4/17/2024,ORD0489,Customer 43,North,Appliances,Air Conditioner,8,988.25,7906,5271.1,2634.9,0.05,UPI,Offline
11/6/2024,ORD0490,Customer 152,East,Appliances,Blender Pro,10,1138.99,11389.9,9030.27,2359.63,0.05,UPI,Offline
4/22/2024,ORD0491,Customer 44,South,Furniture,Office Chair,10,297.03,2970.3,1901.5,1068.8,0.15,Credit Card,Offline
9/22/2024,ORD0492,Customer 287,East,Stationery,Ball Pen,6,1275.29,7651.74,4916.35,2735.39,0.05,Credit Card,Online
10/26/2024,ORD0493,Customer 131,West,Stationery,Highlighter Set,8,1216.85,9734.8,7873.8,1861,0.15,Credit Card,Online
12/1/2024,ORD0494,Customer 66,Central,Electronics,Tablet Mini,5,956.23,4781.15,4185.47,595.68,0,Bank Transfer,Online
2/23/2024,ORD0495,Customer 166,North,Electronics,Smartphone X,4,1133.98,4535.92,3819.35,716.57,0.05,UPI,Online
5/24/2024,ORD0496,Customer 248,East,Clothing,Formal Shoes,9,640.28,5762.52,4799.01,963.51,0,Bank Transfer,Online
8/8/2024,ORD0497,Customer 52,South,Stationery,Stapler,6,1494.51,8967.06,6676.74,2290.32,0.05,Bank Transfer,Offline
7/24/2024,ORD0498,Customer 196,North,Stationery,Ball Pen,8,905.79,7246.32,5218.67,2027.65,0.15,Cash,Offline
8/26/2024,ORD0499,Customer 147,South,Stationery,Stapler,6,83.89,503.34,355.06,148.28,0,Credit Card,Offline
4/24/2024,ORD0500,Customer 248,Central,Furniture,Bookshelf,4,1239.51,4958.04,3337.1,1620.94,0.05,Credit Card,Offline
11/2/2024,ORD0501,Customer 107,South,Clothing,Summer T-Shirt,9,1244.24,11198.16,6883.88,4314.28,0.05,Credit Card,Offline
5/19/2024,ORD0502,Customer 61,East,Appliances,Microwave Oven,2,771.6,1543.2,1052.25,490.95,0,Bank Transfer,Online
5/4/2024,ORD0503,Customer 190,Central,Clothing,Jeans,8,598.71,4789.68,3789.57,1000.11,0,Credit Card,Online
2/29/2024,ORD0504,Customer 289,East,Electronics,Laptop Pro,1,148.04,148.04,101.74,46.3,0.15,Bank Transfer,Online
8/16/2024,ORD0505,Customer 200,East,Electronics,Wireless Earbuds,7,1077.16,7540.12,6663.95,876.17,0,UPI,Online
12/21/2024,ORD0506,Customer 216,South,Furniture,Dining Table,9,964.58,8681.22,7031.97,1649.25,0.15,Bank Transfer,Online
9/24/2024,ORD0507,Customer 93,West,Electronics,Smartphone X,10,189.77,1897.7,1205.51,692.19,0.05,Bank Transfer,Offline
10/27/2024,ORD0508,Customer 236,West,Clothing,Formal Shoes,2,659.49,1318.98,872.14,446.84,0.05,Cash,Offline
7/9/2024,ORD0509,Customer 30,East,Stationery,Highlighter Set,9,689.91,6209.19,4125.59,2083.6,0.15,UPI,Offline
8/17/2024,ORD0510,Customer 5,North,Stationery,Highlighter Set,6,486.84,2921.04,1907.33,1013.71,0.1,Cash,Offline
1/9/2024,ORD0511,Customer 13,Central,Clothing,Formal Shoes,4,1084.27,4337.08,2604.78,1732.3,0.05,UPI,Online
3/20/2024,ORD0512,Customer 153,Central,Clothing,Jeans,1,660.25,660.25,576.86,83.39,0.05,Bank Transfer,Online
3/16/2024,ORD0513,Customer 225,Central,Appliances,Microwave Oven,1,1305.7,1305.7,999,306.7,0.15,UPI,Offline
7/4/2024,ORD0514,Customer 12,Central,Electronics,Laptop Pro,5,684.66,3423.3,2086.77,1336.53,0.05,Bank Transfer,Offline
11/30/2024,ORD0515,Customer 162,East,Electronics,Smartphone X,10,28.31,283.1,193.67,89.43,0.1,UPI,Online
9/9/2024,ORD0516,Customer 218,Central,Clothing,Formal Shoes,6,863.03,5178.18,3427.96,1750.22,0,Bank Transfer,Offline
4/7/2024,ORD0517,Customer 204,West,Stationery,Notebook,2,421.03,842.06,566.23,275.83,0.05,UPI,Online
12/4/2024,ORD0518,Customer 150,West,Electronics,Wireless Earbuds,7,396.5,2775.5,1672.55,1102.95,0.15,UPI,Offline
12/28/2024,ORD0519,Customer 238,North,Appliances,Microwave Oven,8,1119.59,8956.72,6298.95,2657.77,0,Cash,Online
5/29/2024,ORD0520,Customer 248,West,Electronics,Smartphone X,4,329.44,1317.76,956.06,361.7,0,Cash,Online
2/7/2024,ORD0521,Customer 7,East,Appliances,Microwave Oven,7,193.96,1357.72,1007.88,349.84,0.05,Bank Transfer,Offline
7/5/2024,ORD0522,Customer 252,South,Electronics,Tablet Mini,10,1290.88,12908.8,10039.11,2869.69,0.05,Bank Transfer,Offline
10/1/2024,ORD0523,Customer 112,West,Appliances,Blender Pro,8,1098.25,8786,5598.21,3187.79,0.05,Bank Transfer,Offline
2/14/2024,ORD0524,Customer 81,Central,Stationery,Notebook,9,545.7,4911.3,4235.91,675.39,0.1,Credit Card,Offline
8/14/2024,ORD0525,Customer 105,East,Appliances,Vacuum Cleaner,8,460.74,3685.92,3316.55,369.37,0.05,UPI,Offline
11/20/2024,ORD0526,Customer 118,West,Electronics,Wireless Earbuds,8,756.2,6049.6,4817.54,1232.06,0.15,Cash,Online
4/14/2024,ORD0527,Customer 201,South,Furniture,Standing Desk,5,351.82,1759.1,1065.13,693.97,0.05,UPI,Offline
7/9/2024,ORD0528,Customer 206,Central,Clothing,Jeans,8,1426.46,11411.68,7526.23,3885.45,0.15,UPI,Online
2/5/2024,ORD0529,Customer 142,East,Furniture,Bookshelf,10,1274.65,12746.5,10841.82,1904.68,0.05,Bank Transfer,Online
10/7/2024,ORD0530,Customer 267,West,Electronics,Laptop Pro,5,198.62,993.1,683.91,309.19,0.1,UPI,Offline
3/2/2024,ORD0531,Customer 52,East,Furniture,Dining Table,7,818.45,5729.15,4835.06,894.09,0.15,Credit Card,Online
12/3/2024,ORD0532,Customer 247,North,Appliances,Air Conditioner,8,693.23,5545.84,4831.56,714.28,0.05,UPI,Online
10/29/2024,ORD0533,Customer 136,South,Furniture,Dining Table,2,20.63,41.26,26.79,14.47,0.1,Credit Card,Offline
12/29/2024,ORD0534,Customer 244,Central,Stationery,Highlighter Set,9,742.32,6680.88,4015.56,2665.32,0.05,UPI,Offline
8/20/2024,ORD0535,Customer 250,South,Furniture,Office Chair,4,1078.53,4314.12,3616.73,697.39,0.1,Credit Card,Offline
4/13/2024,ORD0536,Customer 95,North,Electronics,Smartphone X,7,1012.19,7085.33,5003,2082.33,0.15,UPI,Online
3/25/2024,ORD0537,Customer 153,West,Appliances,Blender Pro,6,1325.25,7951.5,7093.1,858.4,0,Credit Card,Offline
5/24/2024,ORD0538,Customer 165,West,Stationery,Ball Pen,2,1388.35,2776.7,1930.43,846.27,0,Credit Card,Online
8/18/2024,ORD0539,Customer 203,East,Electronics,Smartphone X,9,1453.26,13079.34,8572.01,4507.33,0,Credit Card,Offline
8/19/2024,ORD0540,Customer 229,Central,Appliances,Microwave Oven,1,807.76,807.76,554.3,253.46,0.15,Credit Card,Online
11/2/2024,ORD0541,Customer 59,East,Stationery,Highlighter Set,1,545.48,545.48,484.26,61.22,0.1,Credit Card,Offline
3/28/2024,ORD0542,Customer 290,South,Stationery,Notebook,1,1256.52,1256.52,1062.24,194.28,0,Credit Card,Offline
8/28/2024,ORD0543,Customer 26,West,Electronics,Smartphone X,10,258.93,2589.3,2077.65,511.65,0.1,Cash,Offline
3/13/2024,ORD0544,Customer 279,Central,Stationery,Notebook,4,427.93,1711.72,1336.94,374.78,0,Cash,Online
8/23/2024,ORD0545,Customer 87,East,Furniture,Dining Table,5,141.19,705.95,512.09,193.86,0.05,Credit Card,Online
9/6/2024,ORD0546,Customer 257,South,Electronics,Tablet Mini,2,947.49,1894.98,1240.92,654.06,0.15,Bank Transfer,Online
2/24/2024,ORD0547,Customer 20,Central,Clothing,Summer T-Shirt,5,734.34,3671.7,2874.54,797.16,0.1,UPI,Offline
12/23/2024,ORD0548,Customer 38,West,Appliances,Blender Pro,5,475.45,2377.25,2097.16,280.09,0.1,UPI,Offline
1/11/2024,ORD0549,Customer 177,South,Clothing,Formal Shoes,7,341.11,2387.77,1702.69,685.08,0,Credit Card,Online
10/23/2024,ORD0550,Customer 242,West,Clothing,Jeans,7,1014.93,7104.51,6032.14,1072.37,0,Cash,Offline
1/20/2024,ORD0551,Customer 95,West,Electronics,Wireless Earbuds,9,548.55,4936.95,3462.58,1474.37,0.05,Credit Card,Online
8/7/2024,ORD0552,Customer 10,Central,Appliances,Blender Pro,9,879.13,7912.17,7068.65,843.52,0.05,Bank Transfer,Offline
10/5/2024,ORD0553,Customer 101,West,Appliances,Microwave Oven,1,1189.61,1189.61,1060.76,128.85,0,Credit Card,Online
1/3/2024,ORD0554,Customer 189,South,Clothing,Summer T-Shirt,8,520.39,4163.12,2964.27,1198.85,0,Credit Card,Online
6/6/2024,ORD0555,Customer 35,South,Stationery,Highlighter Set,2,448.2,896.4,782.91,113.49,0.15,Credit Card,Online
6/21/2024,ORD0556,Customer 184,West,Electronics,Tablet Mini,1,1201.18,1201.18,1017.16,184.02,0.15,Credit Card,Offline
12/23/2024,ORD0557,Customer 46,South,Stationery,Ball Pen,6,753.08,4518.48,3019.42,1499.06,0.15,Cash,Offline
3/3/2024,ORD0558,Customer 273,East,Stationery,Notebook,6,741.8,4450.8,3858.45,592.35,0.15,UPI,Online
7/6/2024,ORD0559,Customer 59,Central,Electronics,Laptop Pro,7,1254.59,8782.13,7161.86,1620.27,0,Credit Card,Online
1/17/2024,ORD0560,Customer 207,North,Electronics,Laptop Pro,8,189.45,1515.6,1127.68,387.92,0,Bank Transfer,Offline
1/20/2024,ORD0561,Customer 47,East,Stationery,Stapler,3,1095.61,3286.83,1980.55,1306.28,0.05,Credit Card,Offline
1/15/2024,ORD0562,Customer 67,South,Electronics,Wireless Earbuds,10,159.53,1595.3,1145.13,450.17,0.05,Cash,Online
3/28/2024,ORD0563,Customer 201,West,Stationery,Notebook,6,532.97,3197.82,2223.96,973.86,0.05,Bank Transfer,Online
2/15/2024,ORD0564,Customer 178,East,Furniture,Bookshelf,8,982.1,7856.8,5559.6,2297.2,0.1,Cash,Offline
4/18/2024,ORD0565,Customer 253,East,Electronics,Smartphone X,10,109.88,1098.8,966.31,132.49,0,Credit Card,Online
8/17/2024,ORD0566,Customer 212,East,Furniture,Bookshelf,10,838.03,8380.3,6142.97,2237.33,0.1,Bank Transfer,Offline
1/3/2024,ORD0567,Customer 122,North,Stationery,Stapler,6,1173.19,7039.14,5291.99,1747.15,0.15,Cash,Online
9/10/2024,ORD0568,Customer 89,North,Electronics,Laptop Pro,4,163.92,655.68,557.78,97.9,0.05,Credit Card,Offline
3/3/2024,ORD0569,Customer 61,East,Stationery,Notebook,9,513.57,4622.13,4127.44,494.69,0,Cash,Offline
8/13/2024,ORD0570,Customer 170,North,Clothing,Summer T-Shirt,7,1492.33,10446.31,6402.23,4044.08,0,Bank Transfer,Offline
2/1/2024,ORD0571,Customer 82,West,Stationery,Notebook,5,127.01,635.05,476.67,158.38,0.05,Credit Card,Online
7/11/2024,ORD0572,Customer 3,Central,Appliances,Blender Pro,7,833.58,5835.06,4648.93,1186.13,0,Cash,Offline
3/17/2024,ORD0573,Customer 106,North,Stationery,Ball Pen,1,1146.66,1146.66,969.93,176.73,0,Bank Transfer,Offline
7/1/2024,ORD0574,Customer 187,East,Furniture,Bookshelf,4,448.64,1794.56,1153.55,641.01,0.1,UPI,Offline
12/5/2024,ORD0575,Customer 7,West,Stationery,Highlighter Set,9,306.1,2754.9,1822.74,932.16,0,UPI,Offline
5/6/2024,ORD0576,Customer 24,East,Electronics,Laptop Pro,9,1475.38,13278.42,10121.63,3156.79,0.1,UPI,Online
8/17/2024,ORD0577,Customer 58,West,Stationery,Highlighter Set,8,301.99,2415.92,1540.96,874.96,0.15,Credit Card,Offline
9/21/2024,ORD0578,Customer 227,Central,Clothing,Formal Shoes,9,935.58,8420.22,6460.1,1960.12,0,Bank Transfer,Offline
4/13/2024,ORD0579,Customer 27,South,Clothing,Winter Jacket,9,612.5,5512.5,4805.01,707.49,0,Credit Card,Offline
11/10/2024,ORD0580,Customer 35,South,Stationery,Notebook,2,1321.55,2643.1,1651.51,991.59,0.15,Credit Card,Offline
5/7/2024,ORD0581,Customer 9,West,Stationery,Ball Pen,3,342.66,1027.98,626.79,401.19,0,Bank Transfer,Online
7/7/2024,ORD0582,Customer 54,Central,Electronics,Wireless Earbuds,6,70.59,423.54,316.71,106.83,0.15,Cash,Offline
8/22/2024,ORD0583,Customer 284,West,Stationery,Notebook,1,1316.33,1316.33,820.92,495.41,0.15,UPI,Online
8/29/2024,ORD0584,Customer 134,North,Appliances,Blender Pro,1,953.77,953.77,633.25,320.52,0.15,Credit Card,Online
10/3/2024,ORD0585,Customer 53,North,Stationery,Stapler,1,1035.51,1035.51,823.73,211.78,0.1,Bank Transfer,Online
9/21/2024,ORD0586,Customer 222,West,Clothing,Winter Jacket,6,883.43,5300.58,3344.66,1955.92,0.05,Credit Card,Online
4/20/2024,ORD0587,Customer 2,North,Appliances,Microwave Oven,2,236.34,472.68,390.59,82.09,0.1,Bank Transfer,Online
5/13/2024,ORD0588,Customer 163,East,Furniture,Office Chair,9,1394.79,12553.11,10264.49,2288.62,0.15,Bank Transfer,Offline
3/8/2024,ORD0589,Customer 290,North,Clothing,Winter Jacket,2,1324.01,2648.02,1869.43,778.59,0.05,UPI,Online
4/2/2024,ORD0590,Customer 80,West,Electronics,Wireless Earbuds,9,1392.68,12534.12,10684.95,1849.17,0.15,Bank Transfer,Offline
8/3/2024,ORD0591,Customer 300,Central,Appliances,Air Conditioner,9,821.19,7390.71,6253.87,1136.84,0,UPI,Online
7/30/2024,ORD0592,Customer 269,East,Appliances,Microwave Oven,8,793.99,6351.92,3846.93,2504.99,0.05,Cash,Offline
12/1/2024,ORD0593,Customer 169,South,Electronics,Tablet Mini,9,600.18,5401.62,3688.28,1713.34,0,Bank Transfer,Online
7/14/2024,ORD0594,Customer 273,East,Clothing,Summer T-Shirt,7,651.71,4561.97,3809.32,752.65,0.05,Bank Transfer,Online
1/9/2024,ORD0595,Customer 149,South,Clothing,Jeans,6,877.46,5264.76,3469.9,1794.86,0.1,Bank Transfer,Online
7/21/2024,ORD0596,Customer 59,North,Electronics,Wireless Earbuds,4,460.14,1840.56,1230.28,610.28,0.1,Cash,Online
2/21/2024,ORD0597,Customer 10,South,Electronics,Wireless Earbuds,4,1031.19,4124.76,2664.44,1460.32,0.05,Bank Transfer,Offline
11/27/2024,ORD0598,Customer 262,South,Clothing,Winter Jacket,2,489.38,978.76,792.81,185.95,0.15,UPI,Online
6/8/2024,ORD0599,Customer 208,North,Furniture,Office Chair,9,634.93,5714.37,4118.33,1596.04,0.05,Credit Card,Online
8/25/2024,ORD0600,Customer 2,North,Stationery,Stapler,7,569.93,3989.51,2645.29,1344.22,0.1,UPI,Online
2/29/2024,ORD0601,Customer 1,South,Appliances,Microwave Oven,9,1188.43,10695.87,9602.5,1093.37,0.1,Cash,Offline
9/30/2024,ORD0602,Customer 181,Central,Appliances,Air Conditioner,1,937.5,937.5,667.53,269.97,0.15,UPI,Offline
10/19/2024,ORD0603,Customer 76,Central,Stationery,Stapler,10,172.2,1722,1232.18,489.82,0.05,Credit Card,Offline
4/30/2024,ORD0604,Customer 138,North,Clothing,Summer T-Shirt,1,495.38,495.38,435.48,59.9,0.1,Bank Transfer,Offline
6/4/2024,ORD0605,Customer 175,North,Appliances,Vacuum Cleaner,7,448.69,3140.83,2123.46,1017.37,0.1,Cash,Online
9/20/2024,ORD0606,Customer 90,South,Stationery,Notebook,9,1100.42,9903.78,8334.01,1569.77,0.1,UPI,Offline
5/20/2024,ORD0607,Customer 268,South,Stationery,Highlighter Set,2,579.57,1159.14,811.14,348,0.15,Bank Transfer,Online
4/16/2024,ORD0608,Customer 95,Central,Appliances,Microwave Oven,5,759.47,3797.35,3137.81,659.54,0.1,Credit Card,Offline
11/25/2024,ORD0609,Customer 174,South,Appliances,Microwave Oven,1,463.56,463.56,408.25,55.31,0.05,Bank Transfer,Offline
5/15/2024,ORD0610,Customer 273,East,Appliances,Blender Pro,2,356.07,712.14,603.29,108.85,0.1,Credit Card,Online
3/9/2024,ORD0611,Customer 241,Central,Clothing,Summer T-Shirt,5,471.28,2356.4,1647.71,708.69,0.15,Cash,Offline
9/30/2024,ORD0612,Customer 162,West,Appliances,Microwave Oven,2,1351.69,2703.38,2296.28,407.1,0.05,Bank Transfer,Online
6/13/2024,ORD0613,Customer 130,North,Electronics,Smartphone X,1,79.04,79.04,67.2,11.84,0,Credit Card,Offline
11/26/2024,ORD0614,Customer 125,East,Clothing,Summer T-Shirt,9,430.61,3875.49,2610.11,1265.38,0,Credit Card,Offline
3/18/2024,ORD0615,Customer 109,West,Stationery,Notebook,8,157.34,1258.72,1125.55,133.17,0.05,Credit Card,Online
11/12/2024,ORD0616,Customer 66,North,Clothing,Formal Shoes,10,510.79,5107.9,3317.85,1790.05,0,Bank Transfer,Offline
1/29/2024,ORD0617,Customer 72,East,Clothing,Summer T-Shirt,5,1263.27,6316.35,5337.06,979.29,0.05,Bank Transfer,Offline
10/5/2024,ORD0618,Customer 17,East,Electronics,Smartphone X,3,730.63,2191.89,1689.42,502.47,0.1,UPI,Online
8/18/2024,ORD0619,Customer 32,North,Appliances,Vacuum Cleaner,8,900.73,7205.84,6360.62,845.22,0.05,Credit Card,Offline
6/15/2024,ORD0620,Customer 237,North,Furniture,Office Chair,10,1112.86,11128.6,6975.29,4153.31,0,UPI,Offline
5/31/2024,ORD0621,Customer 264,Central,Appliances,Blender Pro,1,781.56,781.56,650.07,131.49,0.05,Credit Card,Online
8/31/2024,ORD0622,Customer 63,East,Appliances,Blender Pro,6,834.9,5009.4,3406.36,1603.04,0.1,Cash,Online
8/20/2024,ORD0623,Customer 192,East,Stationery,Ball Pen,7,327.3,2291.1,1414.33,876.77,0,UPI,Offline
9/18/2024,ORD0624,Customer 272,South,Electronics,Laptop Pro,1,141.44,141.44,104.27,37.17,0.1,Cash,Offline
2/2/2024,ORD0625,Customer 22,South,Furniture,Bookshelf,10,588.01,5880.1,4238.19,1641.91,0.05,Credit Card,Online
6/3/2024,ORD0626,Customer 145,East,Furniture,Bookshelf,8,1206.04,9648.32,7002.4,2645.92,0.05,Cash,Online
3/15/2024,ORD0627,Customer 61,South,Stationery,Notebook,8,1144.23,9153.84,5593.39,3560.45,0.15,Bank Transfer,Online
7/18/2024,ORD0628,Customer 153,Central,Appliances,Air Conditioner,2,722.19,1444.38,1119.22,325.16,0,Cash,Online
3/15/2024,ORD0629,Customer 278,Central,Stationery,Highlighter Set,2,1032.34,2064.68,1563.34,501.34,0.1,Cash,Offline
2/6/2024,ORD0630,Customer 83,Central,Furniture,Standing Desk,6,883.47,5300.82,4423.44,877.38,0.05,Cash,Online
10/23/2024,ORD0631,Customer 142,East,Electronics,Smartphone X,7,1321.54,9250.78,5595.66,3655.12,0,Cash,Offline
1/15/2024,ORD0632,Customer 254,North,Appliances,Vacuum Cleaner,6,211.92,1271.52,1088.22,183.3,0.15,UPI,Online
6/26/2024,ORD0633,Customer 146,Central,Clothing,Formal Shoes,7,1118.97,7832.79,5669.52,2163.27,0.1,Bank Transfer,Online
9/18/2024,ORD0634,Customer 139,Central,Clothing,Jeans,1,1467.25,1467.25,980.42,486.83,0,Bank Transfer,Offline
12/12/2024,ORD0635,Customer 185,North,Electronics,Wireless Earbuds,10,323.27,3232.7,2852.32,380.38,0.1,Credit Card,Offline
4/27/2024,ORD0636,Customer 249,South,Stationery,Highlighter Set,8,1299.58,10396.64,8373.18,2023.46,0,UPI,Online
6/21/2024,ORD0637,Customer 247,East,Appliances,Blender Pro,10,119.39,1193.9,964.78,229.12,0.05,Cash,Online
8/30/2024,ORD0638,Customer 255,East,Clothing,Summer T-Shirt,6,838.15,5028.9,3817.54,1211.36,0.05,Cash,Online
6/25/2024,ORD0639,Customer 296,Central,Appliances,Vacuum Cleaner,4,309.53,1238.12,1065.62,172.5,0.15,Credit Card,Online
1/26/2024,ORD0640,Customer 21,Central,Electronics,Tablet Mini,4,492.72,1970.88,1440.12,530.76,0.15,Cash,Offline
11/27/2024,ORD0641,Customer 45,South,Furniture,Office Chair,4,706.83,2827.32,2167.83,659.49,0.1,Credit Card,Online
11/17/2024,ORD0642,Customer 25,South,Appliances,Blender Pro,2,109.76,219.52,137.34,82.18,0.15,UPI,Offline
3/27/2024,ORD0643,Customer 60,East,Appliances,Blender Pro,5,887.43,4437.15,2830.01,1607.14,0.15,Cash,Offline
12/31/2024,ORD0644,Customer 287,North,Electronics,Smartphone X,9,1145.84,10312.56,6932.31,3380.25,0,UPI,Offline
1/7/2024,ORD0645,Customer 203,East,Appliances,Microwave Oven,7,1040.2,7281.4,4746,2535.4,0.15,Cash,Online
12/7/2024,ORD0646,Customer 73,East,Appliances,Air Conditioner,9,652.69,5874.21,4998.68,875.53,0,Credit Card,Online
8/31/2024,ORD0647,Customer 179,South,Furniture,Bookshelf,9,119.35,1074.15,867.37,206.78,0.1,UPI,Online
4/25/2024,ORD0648,Customer 137,West,Clothing,Winter Jacket,7,386.94,2708.58,2372.84,335.74,0.1,UPI,Offline
8/16/2024,ORD0649,Customer 206,Central,Electronics,Laptop Pro,10,165.31,1653.1,1331.23,321.87,0.1,Cash,Offline
4/6/2024,ORD0650,Customer 106,North,Electronics,Wireless Earbuds,3,766.83,2300.49,1804.59,495.9,0.1,Cash,Online
7/22/2024,ORD0651,Customer 249,West,Stationery,Stapler,7,604.38,4230.66,3209.81,1020.85,0,Cash,Offline
1/8/2024,ORD0652,Customer 292,Central,Furniture,Standing Desk,5,649.51,3247.55,2287.65,959.9,0,UPI,Online
11/4/2024,ORD0653,Customer 111,Central,Stationery,Highlighter Set,5,823.29,4116.45,3170.54,945.91,0.05,UPI,Offline
4/4/2024,ORD0654,Customer 124,Central,Electronics,Smartphone X,9,668.68,6018.12,3642.39,2375.73,0.1,Cash,Online
3/18/2024,ORD0655,Customer 256,Central,Electronics,Smartphone X,6,1484.49,8906.94,6344.51,2562.43,0.1,Cash,Online
4/12/2024,ORD0656,Customer 134,East,Appliances,Blender Pro,9,804.49,7240.41,4649.11,2591.3,0,UPI,Offline
4/9/2024,ORD0657,Customer 172,South,Furniture,Bookshelf,5,376.02,1880.1,1361.06,519.04,0,Cash,Offline
6/23/2024,ORD0658,Customer 175,East,Electronics,Tablet Mini,7,306.08,2142.56,1851.85,290.71,0,Bank Transfer,Online
1/1/2024,ORD0659,Customer 191,East,Clothing,Summer T-Shirt,10,1214.21,12142.1,10269.77,1872.33,0.1,Bank Transfer,Offline
3/18/2024,ORD0660,Customer 244,South,Clothing,Winter Jacket,6,674.32,4045.92,3524.68,521.24,0.1,UPI,Online
7/23/2024,ORD0661,Customer 119,East,Clothing,Winter Jacket,6,96.47,578.82,421.36,157.46,0.1,Cash,Online
11/18/2024,ORD0662,Customer 293,East,Electronics,Wireless Earbuds,9,894.51,8050.59,5541.92,2508.67,0.05,Bank Transfer,Online
1/21/2024,ORD0663,Customer 138,Central,Electronics,Laptop Pro,9,1395.28,12557.52,11297.53,1259.99,0.05,Bank Transfer,Online
7/5/2024,ORD0664,Customer 93,South,Furniture,Dining Table,9,1199.07,10791.63,9652.52,1139.11,0.15,Bank Transfer,Offline
9/11/2024,ORD0665,Customer 43,Central,Clothing,Jeans,1,715.81,715.81,627.96,87.85,0.05,Cash,Offline
1/15/2024,ORD0666,Customer 117,West,Stationery,Notebook,4,1373.91,5495.64,4673.42,822.22,0.05,Credit Card,Online
1/23/2024,ORD0667,Customer 180,Central,Furniture,Standing Desk,9,320.15,2881.35,2450.1,431.25,0.15,UPI,Online
10/20/2024,ORD0668,Customer 156,Central,Clothing,Winter Jacket,8,1416.9,11335.2,9304.45,2030.75,0.15,UPI,Online
3/20/2024,ORD0669,Customer 216,West,Appliances,Blender Pro,7,1223.61,8565.27,6256.42,2308.85,0.1,UPI,Online
2/6/2024,ORD0670,Customer 48,North,Stationery,Highlighter Set,2,190.73,381.46,280.76,100.7,0.1,Cash,Offline
4/2/2024,ORD0671,Customer 61,West,Electronics,Smartphone X,2,872.58,1745.16,1095.46,649.7,0.1,Credit Card,Online
3/25/2024,ORD0672,Customer 85,South,Stationery,Notebook,10,1375.56,13755.6,9223.89,4531.71,0.15,Bank Transfer,Offline
6/3/2024,ORD0673,Customer 210,South,Appliances,Microwave Oven,7,358.34,2508.38,2230.39,277.99,0,Cash,Online
3/10/2024,ORD0674,Customer 294,Central,Appliances,Microwave Oven,5,722.94,3614.7,2574.45,1040.25,0,Cash,Offline
10/16/2024,ORD0675,Customer 263,East,Furniture,Standing Desk,4,202.74,810.96,660.58,150.38,0.1,Bank Transfer,Online
4/7/2024,ORD0676,Customer 222,North,Stationery,Notebook,4,768.07,3072.28,1847.76,1224.52,0.15,Credit Card,Offline
7/6/2024,ORD0677,Customer 25,West,Appliances,Microwave Oven,9,1011.32,9101.88,7996.56,1105.32,0.1,Cash,Offline
2/26/2024,ORD0678,Customer 86,West,Furniture,Standing Desk,6,1136.01,6816.06,4645.28,2170.78,0,Bank Transfer,Offline
9/27/2024,ORD0679,Customer 112,Central,Clothing,Summer T-Shirt,5,1268.61,6343.05,5152.2,1190.85,0.1,UPI,Online
6/19/2024,ORD0680,Customer 236,East,Furniture,Office Chair,2,222.39,444.78,380.54,64.24,0,Bank Transfer,Offline
11/12/2024,ORD0681,Customer 10,East,Stationery,Ball Pen,7,1030.74,7215.18,4461.6,2753.58,0.05,UPI,Online
8/24/2024,ORD0682,Customer 42,North,Clothing,Winter Jacket,10,114.96,1149.6,843.7,305.9,0.1,UPI,Online
10/18/2024,ORD0683,Customer 90,North,Electronics,Wireless Earbuds,8,908.49,7267.92,6303.98,963.94,0,Bank Transfer,Offline
5/18/2024,ORD0684,Customer 54,West,Furniture,Bookshelf,4,240.28,961.12,657.68,303.44,0.1,Bank Transfer,Online
7/31/2024,ORD0685,Customer 169,East,Electronics,Laptop Pro,8,1007.6,8060.8,5806.65,2254.15,0.1,Cash,Online
2/19/2024,ORD0686,Customer 18,South,Stationery,Highlighter Set,6,721.01,4326.06,3470.7,855.36,0.1,UPI,Online
3/31/2024,ORD0687,Customer 133,North,Furniture,Dining Table,10,817.05,8170.5,6263.49,1907.01,0.15,Cash,Online
9/16/2024,ORD0688,Customer 133,Central,Furniture,Dining Table,7,91.65,641.55,510.88,130.67,0.1,Credit Card,Offline
3/29/2024,ORD0689,Customer 241,North,Electronics,Wireless Earbuds,9,201.68,1815.12,1089.26,725.86,0.15,Cash,Online
6/10/2024,ORD0690,Customer 228,West,Electronics,Smartphone X,9,952.18,8569.62,6051.51,2518.11,0,UPI,Offline
10/10/2024,ORD0691,Customer 182,South,Stationery,Stapler,1,765.58,765.58,469.67,295.91,0,Bank Transfer,Offline
3/10/2024,ORD0692,Customer 27,North,Clothing,Jeans,8,220.58,1764.64,1557.23,207.41,0,UPI,Offline
12/23/2024,ORD0693,Customer 165,North,Stationery,Stapler,3,763.59,2290.77,1597.96,692.81,0,UPI,Offline
7/23/2024,ORD0694,Customer 293,North,Clothing,Summer T-Shirt,6,425.67,2554.02,2269.62,284.4,0.1,Cash,Online
4/18/2024,ORD0695,Customer 15,South,Electronics,Smartphone X,1,782.37,782.37,618.04,164.33,0.05,Credit Card,Offline
9/22/2024,ORD0696,Customer 132,North,Stationery,Ball Pen,9,998.92,8990.28,6784.88,2205.4,0.05,Cash,Offline
2/13/2024,ORD0697,Customer 8,East,Stationery,Notebook,7,112.75,789.25,484.64,304.61,0,Cash,Online
7/11/2024,ORD0698,Customer 40,Central,Furniture,Office Chair,7,283.35,1983.45,1597.4,386.05,0.15,UPI,Offline
1/22/2024,ORD0699,Customer 292,North,Clothing,Formal Shoes,5,1208.97,6044.85,4870.56,1174.29,0.05,Bank Transfer,Offline
3/18/2024,ORD0700,Customer 84,South,Appliances,Blender Pro,8,650.3,5202.4,4504.46,697.94,0.05,Bank Transfer,Offline
11/29/2024,ORD0701,Customer 59,North,Clothing,Winter Jacket,8,300.53,2404.24,1527.48,876.76,0.1,Credit Card,Online
9/22/2024,ORD0702,Customer 166,West,Appliances,Vacuum Cleaner,7,643.52,4504.64,3579.53,925.11,0.05,UPI,Offline
9/10/2024,ORD0703,Customer 219,West,Clothing,Summer T-Shirt,10,1378.65,13786.5,9790.24,3996.26,0.05,UPI,Online
6/13/2024,ORD0704,Customer 289,Central,Furniture,Dining Table,9,179.06,1611.54,1086.78,524.76,0,Cash,Offline
2/17/2024,ORD0705,Customer 157,South,Appliances,Microwave Oven,4,1058.39,4233.56,3702.04,531.52,0,Bank Transfer,Online
7/9/2024,ORD0706,Customer 32,West,Electronics,Tablet Mini,7,829.06,5803.42,3878.49,1924.93,0.15,Credit Card,Offline
1/15/2024,ORD0707,Customer 175,Central,Clothing,Jeans,3,316.56,949.68,680.91,268.77,0.15,Cash,Online
1/16/2024,ORD0708,Customer 168,West,Appliances,Air Conditioner,8,779.22,6233.76,5548.36,685.4,0,Cash,Online
5/1/2024,ORD0709,Customer 232,South,Electronics,Wireless Earbuds,8,795.22,6361.76,4816.5,1545.26,0.15,Credit Card,Online
5/21/2024,ORD0710,Customer 17,South,Appliances,Air Conditioner,4,1204.87,4819.48,3424.74,1394.74,0.15,Credit Card,Online
6/10/2024,ORD0711,Customer 50,West,Stationery,Highlighter Set,4,564.24,2256.96,1643.66,613.3,0,Credit Card,Online
4/5/2024,ORD0712,Customer 127,North,Electronics,Wireless Earbuds,10,292.15,2921.5,2108.75,812.75,0.15,Bank Transfer,Offline
12/10/2024,ORD0713,Customer 300,North,Clothing,Jeans,4,268.67,1074.68,917.47,157.21,0,Credit Card,Offline
8/4/2024,ORD0714,Customer 199,East,Furniture,Bookshelf,1,1029.33,1029.33,694.82,334.51,0.15,Credit Card,Offline
6/11/2024,ORD0715,Customer 147,South,Appliances,Vacuum Cleaner,6,1444.14,8664.84,6864.87,1799.97,0.15,Cash,Online
9/18/2024,ORD0716,Customer 40,Central,Furniture,Dining Table,10,545.73,5457.3,3963.14,1494.16,0.05,Cash,Online
10/4/2024,ORD0717,Customer 74,North,Electronics,Tablet Mini,4,549.5,2198,1330.49,867.51,0,Bank Transfer,Online
11/15/2024,ORD0718,Customer 195,East,Appliances,Microwave Oven,1,303.02,303.02,183.99,119.03,0.1,Bank Transfer,Offline
5/2/2024,ORD0719,Customer 36,Central,Electronics,Tablet Mini,1,1238.32,1238.32,941.92,296.4,0.1,Cash,Online
4/22/2024,ORD0720,Customer 195,South,Clothing,Jeans,8,704.19,5633.52,4574.62,1058.9,0.1,Bank Transfer,Offline
10/15/2024,ORD0721,Customer 75,West,Electronics,Tablet Mini,2,380.43,760.86,615.96,144.9,0.1,Cash,Offline
4/13/2024,ORD0722,Customer 61,North,Electronics,Laptop Pro,8,327.86,2622.88,1687.96,934.92,0.05,Bank Transfer,Online
5/19/2024,ORD0723,Customer 70,North,Furniture,Bookshelf,5,38.74,193.7,121.15,72.55,0.15,Cash,Online
3/10/2024,ORD0724,Customer 212,Central,Appliances,Blender Pro,3,668.57,2005.71,1249.74,755.97,0.15,UPI,Offline
8/3/2024,ORD0725,Customer 80,West,Electronics,Wireless Earbuds,7,109.65,767.55,625.44,142.11,0.15,Cash,Online
10/25/2024,ORD0726,Customer 136,West,Furniture,Standing Desk,9,685.3,6167.7,5025.39,1142.31,0.05,UPI,Online
10/4/2024,ORD0727,Customer 105,West,Furniture,Bookshelf,6,224.86,1349.16,1115.72,233.44,0.1,Cash,Online
8/13/2024,ORD0728,Customer 59,Central,Clothing,Summer T-Shirt,5,974.94,4874.7,3847.13,1027.57,0.05,Cash,Online
10/8/2024,ORD0729,Customer 284,East,Appliances,Microwave Oven,5,175.26,876.3,600.43,275.87,0.05,Credit Card,Offline
12/2/2024,ORD0730,Customer 213,Central,Stationery,Stapler,2,661.08,1322.16,856.99,465.17,0.1,Bank Transfer,Online
4/28/2024,ORD0731,Customer 144,North,Furniture,Bookshelf,4,861.01,3444.04,2433.9,1010.14,0.1,Cash,Online
4/12/2024,ORD0732,Customer 163,South,Furniture,Standing Desk,3,249.42,748.26,610.1,138.16,0,UPI,Offline
5/31/2024,ORD0733,Customer 104,North,Appliances,Air Conditioner,1,1217.94,1217.94,936.62,281.32,0.05,Bank Transfer,Offline
1/26/2024,ORD0734,Customer 109,East,Clothing,Formal Shoes,9,826.96,7442.64,6230.69,1211.95,0.15,UPI,Offline
10/27/2024,ORD0735,Customer 248,South,Clothing,Summer T-Shirt,9,1491.1,13419.9,11116.49,2303.41,0.1,UPI,Offline
5/6/2024,ORD0736,Customer 236,South,Appliances,Air Conditioner,6,1470.78,8824.68,6850.33,1974.35,0.05,Cash,Offline
4/14/2024,ORD0737,Customer 266,Central,Appliances,Microwave Oven,8,876.31,7010.48,5870.23,1140.25,0.1,Bank Transfer,Online
8/17/2024,ORD0738,Customer 110,East,Stationery,Ball Pen,10,312.89,3128.9,1972.2,1156.7,0.1,Bank Transfer,Offline
10/6/2024,ORD0739,Customer 280,East,Furniture,Dining Table,7,253.91,1777.37,1490.93,286.44,0,Bank Transfer,Online
4/8/2024,ORD0740,Customer 266,West,Appliances,Air Conditioner,4,480.38,1921.52,1273.59,647.93,0.05,Cash,Online
2/28/2024,ORD0741,Customer 44,West,Clothing,Jeans,7,1281.15,8968.05,7760.1,1207.95,0.15,Bank Transfer,Online
2/16/2024,ORD0742,Customer 162,West,Clothing,Winter Jacket,6,645.65,3873.9,3119.82,754.08,0.15,Credit Card,Offline
10/15/2024,ORD0743,Customer 31,East,Electronics,Smartphone X,4,1185.97,4743.88,3461.25,1282.63,0.15,Cash,Online
8/27/2024,ORD0744,Customer 223,East,Electronics,Wireless Earbuds,10,512.66,5126.6,4135.99,990.61,0,Bank Transfer,Offline
6/30/2024,ORD0745,Customer 72,East,Furniture,Bookshelf,6,126.35,758.1,641.7,116.4,0.15,Cash,Online
9/23/2024,ORD0746,Customer 198,Central,Clothing,Formal Shoes,2,396.32,792.64,673.84,118.8,0.1,UPI,Online
9/30/2024,ORD0747,Customer 280,West,Clothing,Summer T-Shirt,5,208.79,1043.95,680.22,363.73,0,Bank Transfer,Online
5/20/2024,ORD0748,Customer 191,West,Electronics,Smartphone X,8,1266.98,10135.84,8002.47,2133.37,0.05,Bank Transfer,Offline
11/26/2024,ORD0749,Customer 98,East,Stationery,Highlighter Set,8,250.33,2002.64,1323.06,679.58,0.05,UPI,Online
10/13/2024,ORD0750,Customer 128,South,Furniture,Standing Desk,4,1237.57,4950.28,3466.38,1483.9,0.1,Credit Card,Online
9/20/2024,ORD0751,Customer 199,South,Stationery,Ball Pen,10,1031.06,10310.6,8068.23,2242.37,0.1,Cash,Online
5/25/2024,ORD0752,Customer 76,West,Furniture,Dining Table,1,1466.4,1466.4,1284.48,181.92,0,Cash,Offline
1/19/2024,ORD0753,Customer 273,North,Clothing,Winter Jacket,7,1244.4,8710.8,6555.5,2155.3,0.1,Cash,Offline
1/27/2024,ORD0754,Customer 267,West,Stationery,Notebook,9,567.04,5103.36,4354.95,748.41,0.15,Credit Card,Offline
7/6/2024,ORD0755,Customer 249,East,Appliances,Blender Pro,4,1322.65,5290.6,3747.97,1542.63,0,Credit Card,Online
10/30/2024,ORD0756,Customer 130,Central,Appliances,Blender Pro,6,1303.04,7818.24,4828.22,2990.02,0.1,Bank Transfer,Offline
4/2/2024,ORD0757,Customer 49,Central,Clothing,Jeans,2,918.12,1836.24,1434.82,401.42,0.15,Bank Transfer,Offline
11/12/2024,ORD0758,Customer 66,West,Electronics,Smartphone X,3,149.06,447.18,309.14,138.04,0,Cash,Offline
12/23/2024,ORD0759,Customer 45,South,Appliances,Blender Pro,3,298.81,896.43,733.31,163.12,0.1,Bank Transfer,Online
6/11/2024,ORD0760,Customer 153,East,Furniture,Standing Desk,1,1270.72,1270.72,785.71,485.01,0.15,UPI,Offline
1/16/2024,ORD0761,Customer 157,Central,Stationery,Highlighter Set,3,813.11,2439.33,1598.32,841.01,0,UPI,Offline
4/29/2024,ORD0762,Customer 72,West,Electronics,Tablet Mini,6,980.84,5885.04,4425.31,1459.73,0,Bank Transfer,Online
10/30/2024,ORD0763,Customer 233,North,Appliances,Blender Pro,1,273.85,273.85,216.44,57.41,0.05,UPI,Online
10/31/2024,ORD0764,Customer 172,South,Appliances,Microwave Oven,9,651.89,5867.01,4237.81,1629.2,0.1,Credit Card,Offline
8/1/2024,ORD0765,Customer 137,North,Clothing,Summer T-Shirt,8,1333.25,10666,7446.93,3219.07,0.05,Credit Card,Offline
5/25/2024,ORD0766,Customer 174,West,Electronics,Wireless Earbuds,4,636.85,2547.4,2160.58,386.82,0.15,Credit Card,Online
3/12/2024,ORD0767,Customer 66,East,Appliances,Blender Pro,1,350.94,350.94,314.39,36.55,0.15,Bank Transfer,Offline
5/13/2024,ORD0768,Customer 80,East,Electronics,Tablet Mini,10,134.01,1340.1,1084.01,256.09,0.15,Credit Card,Offline
9/20/2024,ORD0769,Customer 220,North,Electronics,Wireless Earbuds,1,749.11,749.11,633.82,115.29,0.1,Bank Transfer,Offline
2/12/2024,ORD0770,Customer 259,West,Electronics,Smartphone X,8,404.39,3235.12,2261.21,973.91,0.15,UPI,Offline
4/11/2024,ORD0771,Customer 40,West,Stationery,Notebook,1,970.54,970.54,794.73,175.81,0.05,UPI,Online
10/1/2024,ORD0772,Customer 74,South,Electronics,Tablet Mini,9,1261.32,11351.88,7189.77,4162.11,0.05,Cash,Offline
1/19/2024,ORD0773,Customer 257,West,Stationery,Highlighter Set,2,25.06,50.12,30.26,19.86,0.15,UPI,Offline
2/22/2024,ORD0774,Customer 280,East,Furniture,Standing Desk,7,1440.39,10082.73,6756.47,3326.26,0.1,Bank Transfer,Offline
5/12/2024,ORD0775,Customer 74,Central,Stationery,Notebook,2,1425.44,2850.88,2073.37,777.51,0.1,UPI,Offline
2/18/2024,ORD0776,Customer 206,North,Furniture,Office Chair,9,1110.62,9995.58,6520.05,3475.53,0.05,UPI,Offline
5/19/2024,ORD0777,Customer 165,Central,Stationery,Notebook,6,384.69,2308.14,1615.43,692.71,0.05,Credit Card,Offline
11/6/2024,ORD0778,Customer 178,East,Clothing,Jeans,1,1264.23,1264.23,1058.59,205.64,0.15,Bank Transfer,Offline
1/19/2024,ORD0779,Customer 196,West,Electronics,Smartphone X,2,572.48,1144.96,851.5,293.46,0,Credit Card,Offline
2/15/2024,ORD0780,Customer 69,North,Furniture,Office Chair,5,456.48,2282.4,1620.5,661.9,0.1,Credit Card,Offline
12/30/2024,ORD0781,Customer 4,South,Clothing,Summer T-Shirt,10,933.72,9337.2,5829.79,3507.41,0.15,UPI,Offline
8/27/2024,ORD0782,Customer 279,South,Stationery,Highlighter Set,10,705.73,7057.3,5359.74,1697.56,0.1,Credit Card,Offline
1/20/2024,ORD0783,Customer 69,East,Furniture,Bookshelf,2,778.12,1556.24,1258.67,297.57,0.05,Credit Card,Online
6/11/2024,ORD0784,Customer 17,East,Stationery,Highlighter Set,10,717.65,7176.5,5986.89,1189.61,0.1,Cash,Online
7/6/2024,ORD0785,Customer 95,West,Clothing,Summer T-Shirt,7,1377.55,9642.85,6393.1,3249.75,0.1,Cash,Online
7/12/2024,ORD0786,Customer 22,South,Stationery,Ball Pen,5,490.55,2452.75,1834.76,617.99,0.05,UPI,Offline
8/16/2024,ORD0787,Customer 40,South,Electronics,Laptop Pro,9,104.62,941.58,744.46,197.12,0,UPI,Offline
5/14/2024,ORD0788,Customer 79,North,Appliances,Microwave Oven,8,824.82,6598.56,5056,1542.56,0.05,UPI,Online
6/10/2024,ORD0789,Customer 81,South,Electronics,Smartphone X,2,963.65,1927.3,1635.42,291.88,0,Bank Transfer,Offline
6/16/2024,ORD0790,Customer 90,South,Appliances,Microwave Oven,8,461.31,3690.48,2801.22,889.26,0.05,UPI,Offline
8/16/2024,ORD0791,Customer 206,Central,Furniture,Bookshelf,5,1267.01,6335.05,4863.5,1471.55,0.1,Credit Card,Online
6/9/2024,ORD0792,Customer 42,Central,Clothing,Formal Shoes,3,613.26,1839.78,1499.31,340.47,0.1,Bank Transfer,Online
10/28/2024,ORD0793,Customer 287,Central,Appliances,Vacuum Cleaner,7,1170.35,8192.45,5904.17,2288.28,0.15,Bank Transfer,Online
9/12/2024,ORD0794,Customer 230,North,Appliances,Air Conditioner,1,60.53,60.53,47.91,12.62,0.1,UPI,Offline
7/7/2024,ORD0795,Customer 18,West,Furniture,Office Chair,9,1215.72,10941.48,7597.58,3343.9,0.05,Credit Card,Online
12/7/2024,ORD0796,Customer 98,East,Appliances,Blender Pro,8,836.06,6688.48,5609.02,1079.46,0.1,UPI,Offline
3/20/2024,ORD0797,Customer 249,East,Furniture,Standing Desk,9,192.07,1728.63,1537.21,191.42,0.15,Bank Transfer,Online
5/22/2024,ORD0798,Customer 277,North,Electronics,Laptop Pro,1,281.64,281.64,181.52,100.12,0,Bank Transfer,Offline
12/30/2024,ORD0799,Customer 161,Central,Electronics,Wireless Earbuds,7,229.44,1606.08,1047.87,558.21,0,Cash,Offline
11/30/2024,ORD0800,Customer 135,East,Clothing,Jeans,8,569.91,4559.28,3241.86,1317.42,0.05,UPI,Online
3/13/2024,ORD0801,Customer 124,Central,Furniture,Office Chair,6,1405.38,8432.28,6023.59,2408.69,0.15,UPI,Offline
12/29/2024,ORD0802,Customer 256,East,Furniture,Office Chair,7,661.36,4629.52,2982.45,1647.07,0,Credit Card,Online
2/8/2024,ORD0803,Customer 99,North,Furniture,Bookshelf,10,493.49,4934.9,3420.36,1514.54,0.1,Cash,Online
9/4/2024,ORD0804,Customer 18,Central,Stationery,Ball Pen,4,1258.77,5035.08,3113.63,1921.45,0.1,Cash,Online
8/18/2024,ORD0805,Customer 42,West,Stationery,Highlighter Set,9,788.05,7092.45,5127.77,1964.68,0.05,Credit Card,Offline
9/23/2024,ORD0806,Customer 167,West,Furniture,Office Chair,3,1168.79,3506.37,2628.47,877.9,0.15,UPI,Offline
7/8/2024,ORD0807,Customer 229,East,Clothing,Jeans,4,239.72,958.88,801.21,157.67,0.05,UPI,Offline
1/6/2024,ORD0808,Customer 111,West,Appliances,Microwave Oven,3,608.89,1826.67,1140.35,686.32,0.15,UPI,Offline
6/22/2024,ORD0809,Customer 90,North,Electronics,Smartphone X,1,1380.61,1380.61,1142.69,237.92,0,UPI,Offline
9/13/2024,ORD0810,Customer 294,Central,Electronics,Smartphone X,5,82.26,411.3,264.53,146.77,0,Bank Transfer,Online
6/21/2024,ORD0811,Customer 80,North,Furniture,Bookshelf,10,184.55,1845.5,1547.04,298.46,0.05,Bank Transfer,Offline
7/17/2024,ORD0812,Customer 144,West,Furniture,Standing Desk,7,1476.4,10334.8,8131.89,2202.91,0.1,Credit Card,Offline
1/10/2024,ORD0813,Customer 8,West,Furniture,Office Chair,3,320.71,962.13,647.58,314.55,0,Bank Transfer,Offline
1/12/2024,ORD0814,Customer 71,West,Furniture,Bookshelf,4,777.6,3110.4,2268.42,841.98,0,UPI,Offline
3/6/2024,ORD0815,Customer 16,North,Furniture,Office Chair,3,719.63,2158.89,1538.57,620.32,0.15,Credit Card,Online
3/13/2024,ORD0816,Customer 163,West,Furniture,Office Chair,5,448.18,2240.9,1636.81,604.09,0.1,UPI,Online
12/15/2024,ORD0817,Customer 176,North,Electronics,Tablet Mini,8,875.27,7002.16,4643.38,2358.78,0.1,Cash,Online
11/27/2024,ORD0818,Customer 178,West,Furniture,Standing Desk,5,630.54,3152.7,2350.11,802.59,0.1,Bank Transfer,Online
11/13/2024,ORD0819,Customer 184,West,Clothing,Jeans,9,42.77,384.93,277.64,107.29,0.1,Cash,Offline
5/2/2024,ORD0820,Customer 294,West,Clothing,Summer T-Shirt,7,1353.25,9472.75,7275.03,2197.72,0.15,Credit Card,Offline
9/30/2024,ORD0821,Customer 119,Central,Furniture,Standing Desk,10,105.9,1059,802,257,0.1,Credit Card,Offline
2/9/2024,ORD0822,Customer 65,Central,Appliances,Microwave Oven,6,411.7,2470.2,1639.07,831.13,0.1,Credit Card,Offline
3/21/2024,ORD0823,Customer 212,Central,Appliances,Microwave Oven,7,603.53,4224.71,3518.46,706.25,0.15,Bank Transfer,Online
4/21/2024,ORD0824,Customer 52,East,Furniture,Standing Desk,9,1253.57,11282.13,9280.88,2001.25,0,Bank Transfer,Online
6/10/2024,ORD0825,Customer 222,East,Stationery,Highlighter Set,5,435.19,2175.95,1490.95,685,0.1,Bank Transfer,Offline
10/4/2024,ORD0826,Customer 252,South,Electronics,Wireless Earbuds,7,1340.05,9380.35,7101.84,2278.51,0.15,Bank Transfer,Online
6/9/2024,ORD0827,Customer 76,Central,Stationery,Notebook,5,876.01,4380.05,2887.99,1492.06,0.05,Bank Transfer,Offline
5/22/2024,ORD0828,Customer 254,South,Furniture,Dining Table,2,117.82,235.64,158.62,77.02,0.15,Bank Transfer,Online
1/29/2024,ORD0829,Customer 163,West,Furniture,Office Chair,8,1006.05,8048.4,5666.45,2381.95,0.05,Bank Transfer,Online
9/2/2024,ORD0830,Customer 221,North,Appliances,Microwave Oven,8,1497.09,11976.72,9819.69,2157.03,0.15,Credit Card,Offline
6/7/2024,ORD0831,Customer 279,East,Furniture,Dining Table,5,1177.69,5888.45,3687.9,2200.55,0.05,UPI,Online
8/27/2024,ORD0832,Customer 125,West,Stationery,Highlighter Set,2,654.16,1308.32,886.04,422.28,0.1,Cash,Online
2/29/2024,ORD0833,Customer 142,South,Appliances,Blender Pro,1,369.02,369.02,253.7,115.32,0.05,Credit Card,Online
5/27/2024,ORD0834,Customer 154,Central,Stationery,Ball Pen,10,1183.63,11836.3,10111.85,1724.45,0.1,Credit Card,Online
1/3/2024,ORD0835,Customer 298,South,Furniture,Office Chair,3,577.07,1731.21,1356.25,374.96,0.1,Bank Transfer,Offline
4/4/2024,ORD0836,Customer 10,East,Furniture,Bookshelf,2,912.42,1824.84,1290.67,534.17,0.05,UPI,Offline
4/2/2024,ORD0837,Customer 296,South,Electronics,Tablet Mini,2,401.64,803.28,499.58,303.7,0.05,Cash,Offline
2/7/2024,ORD0838,Customer 43,South,Electronics,Smartphone X,8,922.27,7378.16,5958.59,1419.57,0.1,UPI,Online
8/2/2024,ORD0839,Customer 174,North,Appliances,Blender Pro,3,1316.56,3949.68,3208.14,741.54,0.1,Cash,Offline
6/6/2024,ORD0840,Customer 54,West,Stationery,Ball Pen,6,799.05,4794.3,2907.64,1886.66,0.05,UPI,Offline
7/18/2024,ORD0841,Customer 278,South,Appliances,Microwave Oven,1,1076.3,1076.3,650.35,425.95,0.05,Cash,Offline
6/8/2024,ORD0842,Customer 70,West,Clothing,Summer T-Shirt,3,1064.01,3192.03,2207.34,984.69,0.15,Bank Transfer,Online
3/31/2024,ORD0843,Customer 43,Central,Furniture,Bookshelf,10,848.58,8485.8,5774.37,2711.43,0.15,Cash,Online
5/20/2024,ORD0844,Customer 66,South,Clothing,Jeans,1,469.04,469.04,385.84,83.2,0,Credit Card,Offline
11/12/2024,ORD0845,Customer 50,South,Furniture,Bookshelf,4,1318.06,5272.24,3864.43,1407.81,0.15,Bank Transfer,Offline
1/19/2024,ORD0846,Customer 178,West,Appliances,Vacuum Cleaner,2,1180.77,2361.54,2118.42,243.12,0.05,UPI,Online
12/17/2024,ORD0847,Customer 125,South,Clothing,Jeans,10,1088.98,10889.8,9726.19,1163.61,0.05,Bank Transfer,Offline
10/23/2024,ORD0848,Customer 263,Central,Electronics,Laptop Pro,5,515.33,2576.65,1557.73,1018.92,0.15,Cash,Offline
4/5/2024,ORD0849,Customer 30,West,Furniture,Dining Table,3,1172.12,3516.36,3094.76,421.6,0,Bank Transfer,Online
2/28/2024,ORD0850,Customer 278,Central,Electronics,Wireless Earbuds,9,837.6,7538.4,6706.83,831.57,0,Cash,Online
5/31/2024,ORD0851,Customer 131,North,Clothing,Winter Jacket,1,661.58,661.58,566.46,95.12,0.1,Credit Card,Online
2/26/2024,ORD0852,Customer 124,East,Electronics,Tablet Mini,8,568.15,4545.2,3481.58,1063.62,0.05,Credit Card,Offline
8/4/2024,ORD0853,Customer 135,South,Appliances,Microwave Oven,8,498.67,3989.36,3357.48,631.88,0.1,Credit Card,Online
8/2/2024,ORD0854,Customer 123,Central,Appliances,Vacuum Cleaner,3,305.92,917.76,766.86,150.9,0.1,Cash,Online
8/24/2024,ORD0855,Customer 107,West,Appliances,Microwave Oven,10,510.21,5102.1,4352.08,750.02,0.1,Bank Transfer,Online
9/21/2024,ORD0856,Customer 195,Central,Electronics,Smartphone X,3,519.15,1557.45,1241.05,316.4,0.15,Bank Transfer,Online
3/26/2024,ORD0857,Customer 127,East,Stationery,Stapler,1,33.98,33.98,27.28,6.7,0.15,Bank Transfer,Offline
11/24/2024,ORD0858,Customer 74,North,Stationery,Ball Pen,2,107.27,214.54,157.55,56.99,0,Bank Transfer,Online
12/1/2024,ORD0859,Customer 147,South,Appliances,Air Conditioner,3,1068.92,3206.76,2710.51,496.25,0,Cash,Offline
2/19/2024,ORD0860,Customer 233,East,Stationery,Stapler,6,1100.88,6605.28,4509.06,2096.22,0.15,Bank Transfer,Online
3/3/2024,ORD0861,Customer 3,East,Stationery,Stapler,4,91.34,365.36,271.55,93.81,0.05,Bank Transfer,Online
11/30/2024,ORD0862,Customer 252,North,Appliances,Air Conditioner,5,1456.26,7281.3,4416.31,2864.99,0.1,Credit Card,Offline
8/2/2024,ORD0863,Customer 240,South,Clothing,Formal Shoes,8,160.01,1280.08,1082.63,197.45,0.1,UPI,Offline
7/19/2024,ORD0864,Customer 179,East,Clothing,Winter Jacket,2,1107.6,2215.2,1479.36,735.84,0.15,Cash,Offline
5/19/2024,ORD0865,Customer 174,West,Electronics,Laptop Pro,5,390.54,1952.7,1325.97,626.73,0,UPI,Offline
10/16/2024,ORD0866,Customer 1,West,Clothing,Jeans,2,1049.62,2099.24,1572.4,526.84,0,Bank Transfer,Offline
5/1/2024,ORD0867,Customer 141,North,Clothing,Formal Shoes,8,951.36,7610.88,4816.44,2794.44,0,Bank Transfer,Online
7/23/2024,ORD0868,Customer 115,North,Electronics,Wireless Earbuds,10,684.02,6840.2,6040.49,799.71,0,Cash,Online
5/7/2024,ORD0869,Customer 201,East,Furniture,Office Chair,2,1395.11,2790.22,2356.3,433.92,0.15,Bank Transfer,Online
8/15/2024,ORD0870,Customer 273,East,Clothing,Summer T-Shirt,1,1463.89,1463.89,1042.77,421.12,0,UPI,Offline
1/26/2024,ORD0871,Customer 4,South,Stationery,Stapler,10,616.73,6167.3,4889.8,1277.5,0.15,Credit Card,Offline
12/30/2024,ORD0872,Customer 248,Central,Stationery,Stapler,5,252.74,1263.7,852.08,411.62,0.15,Credit Card,Offline
7/20/2024,ORD0873,Customer 206,Central,Appliances,Blender Pro,1,281.34,281.34,251.3,30.04,0.05,Credit Card,Online
3/13/2024,ORD0874,Customer 222,East,Furniture,Bookshelf,3,243.74,731.22,540.05,191.17,0.05,Bank Transfer,Online
11/8/2024,ORD0875,Customer 110,North,Stationery,Highlighter Set,5,1341.82,6709.1,4223.85,2485.25,0.15,Credit Card,Offline
2/20/2024,ORD0876,Customer 267,South,Clothing,Formal Shoes,9,1075.42,9678.78,7639.58,2039.2,0.1,Cash,Offline
5/25/2024,ORD0877,Customer 179,East,Stationery,Ball Pen,1,1395.13,1395.13,1212.67,182.46,0,Bank Transfer,Offline
1/24/2024,ORD0878,Customer 196,West,Stationery,Ball Pen,2,1103.74,2207.48,1684.92,522.56,0.1,UPI,Offline
1/25/2024,ORD0879,Customer 89,Central,Furniture,Bookshelf,10,426.16,4261.6,3795.63,465.97,0.15,UPI,Offline
11/26/2024,ORD0880,Customer 209,Central,Stationery,Notebook,1,1460.88,1460.88,995.49,465.39,0,UPI,Online
4/16/2024,ORD0881,Customer 288,East,Furniture,Standing Desk,6,1133.88,6803.28,5119.89,1683.39,0.15,Credit Card,Online
4/14/2024,ORD0882,Customer 293,Central,Appliances,Air Conditioner,5,547.62,2738.1,2390.87,347.23,0.05,Cash,Offline
12/1/2024,ORD0883,Customer 251,South,Stationery,Stapler,7,660.95,4626.65,3996.71,629.94,0,Credit Card,Online
9/27/2024,ORD0884,Customer 158,Central,Furniture,Office Chair,10,56.43,564.3,437.54,126.76,0.15,UPI,Offline
11/4/2024,ORD0885,Customer 215,West,Clothing,Jeans,2,250.67,501.34,370.09,131.25,0.1,Credit Card,Online
11/11/2024,ORD0886,Customer 258,North,Stationery,Highlighter Set,9,1386.85,12481.65,9235.79,3245.86,0.05,Bank Transfer,Offline
7/11/2024,ORD0887,Customer 121,East,Electronics,Wireless Earbuds,5,235.57,1177.85,1010.35,167.5,0.15,UPI,Online
11/22/2024,ORD0888,Customer 165,South,Furniture,Standing Desk,9,1008.34,9075.06,6691.89,2383.17,0.05,Cash,Online
5/24/2024,ORD0889,Customer 296,Central,Appliances,Air Conditioner,8,434.34,3474.72,2431.74,1042.98,0.15,Credit Card,Online
1/20/2024,ORD0890,Customer 200,North,Furniture,Dining Table,7,1447.62,10133.34,7661.28,2472.06,0.15,Cash,Online
4/12/2024,ORD0891,Customer 86,Central,Furniture,Dining Table,5,1274.29,6371.45,3962.93,2408.52,0.1,UPI,Online
8/30/2024,ORD0892,Customer 284,West,Appliances,Microwave Oven,4,352.59,1410.36,965.03,445.33,0.05,Credit Card,Online
7/28/2024,ORD0893,Customer 99,East,Furniture,Office Chair,3,44.22,132.66,104.04,28.62,0.15,Bank Transfer,Offline
6/24/2024,ORD0894,Customer 296,South,Clothing,Jeans,9,523.84,4714.56,4179.3,535.26,0.1,Credit Card,Offline
5/9/2024,ORD0895,Customer 257,East,Stationery,Ball Pen,3,620.32,1860.96,1241.51,619.45,0.15,Credit Card,Offline
5/31/2024,ORD0896,Customer 148,Central,Clothing,Formal Shoes,7,1264.68,8852.76,7584.62,1268.14,0.1,Bank Transfer,Online
4/29/2024,ORD0897,Customer 34,East,Stationery,Highlighter Set,4,653.41,2613.64,1737.73,875.91,0,Bank Transfer,Online
10/9/2024,ORD0898,Customer 276,West,Electronics,Laptop Pro,6,1250.93,7505.58,4991.19,2514.39,0.15,UPI,Offline
12/3/2024,ORD0899,Customer 223,Central,Appliances,Microwave Oven,9,430.09,3870.81,2503.56,1367.25,0.1,UPI,Online
7/26/2024,ORD0900,Customer 274,South,Stationery,Highlighter Set,3,695.24,2085.72,1625.07,460.65,0.15,Bank Transfer,Online
2/11/2024,ORD0901,Customer 37,North,Clothing,Jeans,10,1214.23,12142.3,7307.42,4834.88,0.05,Bank Transfer,Offline
12/1/2024,ORD0902,Customer 197,East,Appliances,Blender Pro,3,1399.76,4199.28,2888.82,1310.46,0,Cash,Online
2/20/2024,ORD0903,Customer 22,East,Appliances,Air Conditioner,5,1106.41,5532.05,4363.77,1168.28,0.05,Cash,Offline
2/7/2024,ORD0904,Customer 170,South,Electronics,Smartphone X,3,496.53,1489.59,1311.23,178.36,0.1,Bank Transfer,Online
7/24/2024,ORD0905,Customer 67,Central,Electronics,Smartphone X,2,744.67,1489.34,1183.4,305.94,0.05,Cash,Online
11/3/2024,ORD0906,Customer 261,East,Clothing,Winter Jacket,8,101.4,811.2,636.75,174.45,0,Credit Card,Online
2/28/2024,ORD0907,Customer 55,North,Electronics,Wireless Earbuds,5,917.69,4588.45,3288.46,1299.99,0.1,Cash,Offline
5/3/2024,ORD0908,Customer 273,Central,Clothing,Summer T-Shirt,1,94.19,94.19,61.3,32.89,0,Cash,Offline
5/2/2024,ORD0909,Customer 207,South,Electronics,Wireless Earbuds,4,1174.64,4698.56,2955.75,1742.81,0.05,UPI,Offline
9/24/2024,ORD0910,Customer 291,South,Furniture,Standing Desk,8,985.18,7881.44,5771.98,2109.46,0.1,Cash,Offline
4/19/2024,ORD0911,Customer 239,East,Electronics,Smartphone X,6,1185.89,7115.34,6297.31,818.03,0.15,UPI,Online
1/17/2024,ORD0912,Customer 45,Central,Furniture,Office Chair,3,1221.19,3663.57,2491.78,1171.79,0.05,Credit Card,Online
6/6/2024,ORD0913,Customer 179,East,Stationery,Highlighter Set,3,549.15,1647.45,1030.9,616.55,0,Bank Transfer,Online
7/30/2024,ORD0914,Customer 264,North,Electronics,Tablet Mini,6,195.55,1173.3,891.16,282.14,0.1,Cash,Offline
12/19/2024,ORD0915,Customer 237,East,Appliances,Vacuum Cleaner,2,1424.83,2849.66,2468.93,380.73,0.1,Bank Transfer,Online
8/12/2024,ORD0916,Customer 300,North,Electronics,Tablet Mini,10,828.08,8280.8,5843.87,2436.93,0.15,Bank Transfer,Offline
7/23/2024,ORD0917,Customer 93,North,Furniture,Standing Desk,2,1421.48,2842.96,2175,667.96,0.05,Bank Transfer,Offline
4/14/2024,ORD0918,Customer 284,North,Clothing,Summer T-Shirt,9,1108.68,9978.12,8875.23,1102.89,0.1,UPI,Online
9/22/2024,ORD0919,Customer 239,East,Furniture,Bookshelf,10,1007.4,10074,7772.32,2301.68,0,UPI,Online
4/25/2024,ORD0920,Customer 46,South,Stationery,Highlighter Set,9,1136.68,10230.12,7501.12,2729,0,Bank Transfer,Offline
7/6/2024,ORD0921,Customer 14,West,Clothing,Formal Shoes,7,610.67,4274.69,2945.9,1328.79,0.05,Cash,Offline
5/29/2024,ORD0922,Customer 212,South,Furniture,Dining Table,2,25.52,51.04,39.37,11.67,0.1,UPI,Online
7/23/2024,ORD0923,Customer 207,South,Stationery,Ball Pen,2,282.87,565.74,341.39,224.35,0.15,Credit Card,Offline
10/21/2024,ORD0924,Customer 290,Central,Electronics,Tablet Mini,9,443.4,3990.6,3336.26,654.34,0.15,UPI,Offline
8/8/2024,ORD0925,Customer 239,West,Furniture,Standing Desk,10,99.78,997.8,834.92,162.88,0.1,Credit Card,Offline
12/15/2024,ORD0926,Customer 146,South,Electronics,Tablet Mini,4,1061.11,4244.44,2791.82,1452.62,0.05,UPI,Offline
8/15/2024,ORD0927,Customer 94,West,Furniture,Office Chair,1,831.94,831.94,584.09,247.85,0.15,Credit Card,Online
1/3/2024,ORD0928,Customer 55,West,Clothing,Summer T-Shirt,5,656.63,3283.15,2407.98,875.17,0,Bank Transfer,Offline
6/20/2024,ORD0929,Customer 135,Central,Electronics,Laptop Pro,1,952.52,952.52,813.56,138.96,0.05,Cash,Online
10/25/2024,ORD0930,Customer 116,South,Stationery,Stapler,3,529.6,1588.8,965.96,622.84,0.15,Credit Card,Offline
3/27/2024,ORD0931,Customer 211,East,Electronics,Laptop Pro,6,121.02,726.12,568.74,157.38,0.05,UPI,Offline
6/28/2024,ORD0932,Customer 6,East,Appliances,Microwave Oven,10,1070.34,10703.4,8701.19,2002.21,0,Bank Transfer,Offline
5/15/2024,ORD0933,Customer 204,East,Appliances,Microwave Oven,7,122.81,859.67,610.13,249.54,0,Cash,Offline
6/14/2024,ORD0934,Customer 116,West,Electronics,Smartphone X,2,949.65,1899.3,1340.67,558.63,0.1,Cash,Offline
10/31/2024,ORD0935,Customer 120,Central,Electronics,Wireless Earbuds,6,943.34,5660.04,4642.81,1017.23,0,Cash,Online
5/25/2024,ORD0936,Customer 69,East,Clothing,Winter Jacket,10,1243.64,12436.4,9749.8,2686.6,0.1,Credit Card,Online
5/6/2024,ORD0937,Customer 93,Central,Furniture,Office Chair,6,1213.51,7281.06,4740.93,2540.13,0.15,Credit Card,Offline
5/21/2024,ORD0938,Customer 250,Central,Electronics,Wireless Earbuds,6,536.84,3221.04,2299.83,921.21,0.05,Bank Transfer,Offline
5/18/2024,ORD0939,Customer 129,North,Furniture,Bookshelf,10,259.68,2596.8,1621.37,975.43,0.05,UPI,Offline
10/5/2024,ORD0940,Customer 74,West,Electronics,Laptop Pro,8,339.8,2718.4,1883.32,835.08,0.1,Cash,Offline
12/11/2024,ORD0941,Customer 17,Central,Electronics,Smartphone X,5,489.62,2448.1,1982.76,465.34,0.15,Cash,Offline
4/22/2024,ORD0942,Customer 58,South,Clothing,Jeans,2,515.05,1030.1,728.43,301.67,0.05,Credit Card,Offline
11/7/2024,ORD0943,Customer 116,West,Appliances,Air Conditioner,5,964.22,4821.1,3165.46,1655.64,0,UPI,Online
9/16/2024,ORD0944,Customer 34,Central,Furniture,Dining Table,5,400.45,2002.25,1434.94,567.31,0,Cash,Online
9/13/2024,ORD0945,Customer 211,West,Electronics,Tablet Mini,3,85.77,257.31,183.92,73.39,0,Credit Card,Online
1/14/2024,ORD0946,Customer 122,West,Furniture,Standing Desk,6,1055.25,6331.5,3908.73,2422.77,0.15,UPI,Online
5/6/2024,ORD0947,Customer 25,East,Clothing,Winter Jacket,5,260.96,1304.8,915.66,389.14,0.05,Cash,Online
9/8/2024,ORD0948,Customer 179,Central,Electronics,Wireless Earbuds,1,802.29,802.29,510.31,291.98,0.05,Cash,Online
7/15/2024,ORD0949,Customer 146,Central,Furniture,Dining Table,8,1383.75,11070,7312.94,3757.06,0,Bank Transfer,Online
2/13/2024,ORD0950,Customer 179,Central,Appliances,Microwave Oven,10,96.26,962.6,761.99,200.61,0.1,UPI,Offline
4/10/2024,ORD0951,Customer 59,East,Electronics,Tablet Mini,7,73.6,515.2,313.48,201.72,0,Cash,Online
12/7/2024,ORD0952,Customer 211,North,Appliances,Air Conditioner,9,1421.02,12789.18,9778.2,3010.98,0.1,UPI,Online
8/8/2024,ORD0953,Customer 120,South,Electronics,Smartphone X,4,685.95,2743.8,1699.45,1044.35,0.15,Credit Card,Offline
11/11/2024,ORD0954,Customer 77,East,Appliances,Blender Pro,7,1224.86,8574.02,6862.42,1711.6,0.15,Bank Transfer,Online
1/15/2024,ORD0955,Customer 100,North,Appliances,Vacuum Cleaner,5,544.94,2724.7,1940.57,784.13,0,Bank Transfer,Online
1/16/2024,ORD0956,Customer 127,South,Electronics,Smartphone X,4,411.08,1644.32,1265.72,378.6,0.1,Credit Card,Online
12/21/2024,ORD0957,Customer 42,South,Clothing,Winter Jacket,2,93.69,187.38,130.91,56.47,0.1,Bank Transfer,Online
7/18/2024,ORD0958,Customer 76,East,Electronics,Smartphone X,4,863.43,3453.72,2866.2,587.52,0.1,UPI,Online
1/9/2024,ORD0959,Customer 32,East,Electronics,Tablet Mini,10,1175.38,11753.8,8155.34,3598.46,0,Credit Card,Online
1/7/2024,ORD0960,Customer 124,East,Furniture,Office Chair,8,401.02,3208.16,2703.47,504.69,0.15,UPI,Online
6/8/2024,ORD0961,Customer 265,West,Stationery,Stapler,7,1359.43,9516.01,5916.99,3599.02,0.15,Bank Transfer,Offline
6/12/2024,ORD0962,Customer 240,South,Furniture,Standing Desk,2,431.17,862.34,558.74,303.6,0.1,Cash,Offline
10/24/2024,ORD0963,Customer 282,East,Appliances,Microwave Oven,8,1197.09,9576.72,6327.69,3249.03,0.1,Credit Card,Offline
11/17/2024,ORD0964,Customer 46,North,Appliances,Microwave Oven,9,110.26,992.34,746.45,245.89,0,Cash,Offline
7/14/2024,ORD0965,Customer 212,North,Appliances,Vacuum Cleaner,4,191.22,764.88,577.46,187.42,0.05,Credit Card,Offline
12/28/2024,ORD0966,Customer 50,Central,Electronics,Smartphone X,2,1064.26,2128.52,1493.19,635.33,0.05,Credit Card,Online
9/9/2024,ORD0967,Customer 284,Central,Furniture,Standing Desk,10,1334.73,13347.3,8510.57,4836.73,0.15,Credit Card,Online
12/9/2024,ORD0968,Customer 143,South,Stationery,Notebook,10,619.28,6192.8,4514.51,1678.29,0.05,Cash,Online
8/9/2024,ORD0969,Customer 290,East,Appliances,Microwave Oven,5,220.21,1101.05,722.37,378.68,0.1,Bank Transfer,Online
9/30/2024,ORD0970,Customer 158,West,Stationery,Ball Pen,4,413.69,1654.76,1304.34,350.42,0.1,Cash,Online
9/26/2024,ORD0971,Customer 193,North,Appliances,Microwave Oven,2,676.89,1353.78,821.91,531.87,0,UPI,Offline
9/24/2024,ORD0972,Customer 118,East,Furniture,Dining Table,9,429.29,3863.61,3013.34,850.27,0,Bank Transfer,Offline
3/13/2024,ORD0973,Customer 32,West,Electronics,Laptop Pro,9,125.24,1127.16,901.2,225.96,0.15,Cash,Online
4/7/2024,ORD0974,Customer 51,Central,Electronics,Laptop Pro,1,1250.72,1250.72,770.04,480.68,0.1,Cash,Online
3/21/2024,ORD0975,Customer 164,Central,Appliances,Blender Pro,6,589.99,3539.94,2622.94,917,0,Cash,Online
12/23/2024,ORD0976,Customer 109,West,Stationery,Stapler,10,1011.17,10111.7,6786.44,3325.26,0.05,Bank Transfer,Offline
6/29/2024,ORD0977,Customer 117,West,Appliances,Microwave Oven,5,1270.85,6354.25,4455.14,1899.11,0,Cash,Online
3/29/2024,ORD0978,Customer 113,West,Clothing,Summer T-Shirt,3,743.83,2231.49,1669.66,561.83,0.1,UPI,Offline
12/13/2024,ORD0979,Customer 83,East,Clothing,Winter Jacket,8,1161.68,9293.44,6804.52,2488.92,0.05,Cash,Online
8/26/2024,ORD0980,Customer 85,South,Clothing,Summer T-Shirt,8,354.11,2832.88,1860.38,972.5,0.05,Bank Transfer,Online
8/26/2024,ORD0981,Customer 190,West,Furniture,Bookshelf,10,209.58,2095.8,1301.88,793.92,0,Credit Card,Online
8/10/2024,ORD0982,Customer 205,West,Electronics,Tablet Mini,2,1419.19,2838.38,1988.05,850.33,0,Cash,Offline
7/31/2024,ORD0983,Customer 155,South,Electronics,Tablet Mini,3,492.69,1478.07,1249.15,228.92,0.1,UPI,Online
2/1/2024,ORD0984,Customer 222,South,Stationery,Notebook,5,1348.43,6742.15,4930.09,1812.06,0.15,Bank Transfer,Online
8/18/2024,ORD0985,Customer 285,North,Clothing,Summer T-Shirt,9,117.93,1061.37,808.26,253.11,0.15,Credit Card,Online
3/25/2024,ORD0986,Customer 284,North,Appliances,Vacuum Cleaner,5,1122.42,5612.1,4715.21,896.89,0,Bank Transfer,Offline
5/19/2024,ORD0987,Customer 3,East,Clothing,Jeans,1,447.89,447.89,341.45,106.44,0,UPI,Offline
8/7/2024,ORD0988,Customer 89,North,Stationery,Stapler,5,882.93,4414.65,2916.58,1498.07,0.1,Bank Transfer,Offline
5/25/2024,ORD0989,Customer 156,North,Appliances,Blender Pro,10,701.51,7015.1,4852.62,2162.48,0.1,Bank Transfer,Online
12/15/2024,ORD0990,Customer 129,North,Electronics,Laptop Pro,10,449.46,4494.6,4030.89,463.71,0,Bank Transfer,Online
2/26/2024,ORD0991,Customer 89,East,Clothing,Winter Jacket,10,744.82,7448.2,5292.72,2155.48,0.05,Credit Card,Online
12/3/2024,ORD0992,Customer 224,South,Stationery,Stapler,1,948.32,948.32,723.33,224.99,0.1,UPI,Offline
1/15/2024,ORD0993,Customer 193,South,Clothing,Summer T-Shirt,9,335.48,3019.32,2682.92,336.4,0,Credit Card,Offline
4/24/2024,ORD0994,Customer 200,South,Electronics,Wireless Earbuds,10,962.37,9623.7,6131.07,3492.63,0.15,UPI,Online
5/15/2024,ORD0995,Customer 90,Central,Appliances,Blender Pro,1,492.57,492.57,441.98,50.59,0,Cash,Offline
8/3/2024,ORD0996,Customer 270,Central,Furniture,Dining Table,7,690.97,4836.79,4011.43,825.36,0.05,Credit Card,Online
4/27/2024,ORD0997,Customer 249,Central,Clothing,Winter Jacket,2,1090.7,2181.4,1356.02,825.38,0.05,Bank Transfer,Online
4/21/2024,ORD0998,Customer 181,North,Clothing,Summer T-Shirt,5,1005.48,5027.4,3649.12,1378.28,0.05,UPI,Offline
8/26/2024,ORD0999,Customer 161,West,Appliances,Air Conditioner,1,1000.56,1000.56,799.23,201.33,0.15,UPI,Offline
4/27/2024,ORD1000,Customer 262,South,Stationery,Notebook,5,152.96,764.8,471.96,292.84,0,Credit Card,Offline
